Symbol,Price,Time,Volume
BINANCE:BTCUSDT,125052.6,1759648192357,0.00563
BINANCE:BTCUSDT,125052.6,1759648192537,0.00049
BINANCE:BTCUSDT,125052.6,1759648192621,0.00249
BINANCE:BTCUSDT,125052.6,1759648192754,0.00011
BINANCE:BTCUSDT,125052.6,1759648193077,0.00391
BINANCE:BTCUSDT,125052.6,1759648193077,0.00839
BINANCE:BTCUSDT,125052.6,1759648193077,5e-05
BINANCE:BTCUSDT,125052.6,1759648193077,5e-05
BINANCE:BTCUSDT,125052.6,1759648193077,0.00399
BINANCE:BTCUSDT,125052.6,1759648193077,4e-05
BINANCE:BTCUSDT,125052.6,1759648193077,0.0258
BINANCE:BTCUSDT,125052.6,1759648193077,0.0006
BINANCE:BTCUSDT,125052.6,1759648193077,0.00474
BINANCE:BTCUSDT,125052.6,1759648193077,0.41206
BINANCE:BTCUSDT,125052.6,1759648193077,0.00034
BINANCE:BTCUSDT,125052.6,1759648193077,0.23944
BINANCE:BTCUSDT,125052.6,1759648193077,0.00034
BINANCE:BTCUSDT,125052.6,1759648193077,0.00302
BINANCE:BTCUSDT,125052.6,1759648193077,0.00651
BINANCE:BTCUSDT,125052.6,1759648193077,0.00072
BINANCE:BTCUSDT,125052.6,1759648193077,4e-05
BINANCE:BTCUSDT,125052.6,1759648193077,4e-05
BINANCE:BTCUSDT,125052.6,1759648193077,0.001
BINANCE:BTCUSDT,125052.6,1759648193077,0.001
BINANCE:BTCUSDT,125052.6,1759648193077,5e-05
BINANCE:BTCUSDT,125052.6,1759648193077,5e-05
BINANCE:BTCUSDT,125052.6,1759648193077,5e-05
BINANCE:BTCUSDT,125052.6,1759648193077,5e-05
BINANCE:BTCUSDT,125052.6,1759648193077,5e-05
BINANCE:BTCUSDT,125052.6,1759648193077,5e-05
BINANCE:BTCUSDT,125052.6,1759648193077,5e-05
BINANCE:BTCUSDT,125052.6,1759648193077,5e-05
BINANCE:BTCUSDT,125052.6,1759648193077,5e-05
BINANCE:BTCUSDT,125052.6,1759648193077,0.00082
BINANCE:BTCUSDT,125052.6,1759648193077,5e-05
BINANCE:BTCUSDT,125052.6,1759648193077,5e-05
BINANCE:BTCUSDT,125052.6,1759648193077,0.00519
BINANCE:BTCUSDT,125052.6,1759648193077,0.00354
BINANCE:BTCUSDT,125052.6,1759648193077,0.039
BINANCE:BTCUSDT,125052.6,1759648193077,5e-05
BINANCE:BTCUSDT,125052.6,1759648193077,0.001
BINANCE:BTCUSDT,125052.6,1759648193077,0.001
BINANCE:BTCUSDT,125052.6,1759648193077,0.001
BINANCE:BTCUSDT,125052.6,1759648193077,0.001
BINANCE:BTCUSDT,125052.6,1759648193077,0.00069
BINANCE:BTCUSDT,125052.6,1759648193077,0.00069
BINANCE:BTCUSDT,125052.6,1759648193077,0.00995
BINANCE:BTCUSDT,125052.6,1759648193077,5e-05
BINANCE:BTCUSDT,125052.6,1759648193077,5e-05
BINANCE:BTCUSDT,125052.6,1759648193077,5e-05
BINANCE:BTCUSDT,125052.6,1759648193077,0.26383
BINANCE:BTCUSDT,125052.6,1759648193077,5e-05
BINANCE:BTCUSDT,125052.6,1759648193077,5e-05
BINANCE:BTCUSDT,125052.6,1759648193077,5e-05
BINANCE:BTCUSDT,125052.6,1759648193077,0.22631
BINANCE:BTCUSDT,125052.6,1759648193077,0.00325
BINANCE:BTCUSDT,125052.6,1759648193077,1.36477
BINANCE:BTCUSDT,125052.6,1759648193077,0.02244
BINANCE:BTCUSDT,125052.6,1759648193080,5e-05
BINANCE:BTCUSDT,125052.6,1759648193080,0.21223
BINANCE:BTCUSDT,125052.6,1759648193080,5e-05
BINANCE:BTCUSDT,125052.6,1759648193080,5e-05
BINANCE:BTCUSDT,125052.6,1759648193080,0.04797
BINANCE:BTCUSDT,125052.6,1759648193080,4e-05
BINANCE:BTCUSDT,125052.6,1759648193080,4e-05
BINANCE:BTCUSDT,125052.6,1759648193080,4e-05
BINANCE:BTCUSDT,125052.6,1759648193080,0.00393
BINANCE:BTCUSDT,125052.6,1759648193080,4e-05
BINANCE:BTCUSDT,125052.59,1759648193080,5e-05
BINANCE:BTCUSDT,125052.59,1759648193080,5e-05
BINANCE:BTCUSDT,125052.59,1759648193080,5e-05
BINANCE:BTCUSDT,125052.59,1759648193080,5e-05
BINANCE:BTCUSDT,125052.59,1759648193080,5e-05
BINANCE:BTCUSDT,125052.59,1759648193080,5e-05
BINANCE:BTCUSDT,125052.59,1759648193080,5e-05
BINANCE:BTCUSDT,125052.59,1759648193080,5e-05
BINANCE:BTCUSDT,125052.59,1759648193080,5e-05
BINANCE:BTCUSDT,125052.59,1759648193080,5e-05
BINANCE:BTCUSDT,125052.59,1759648193080,5e-05
BINANCE:BTCUSDT,125052.59,1759648193080,5e-05
BINANCE:BTCUSDT,125052.59,1759648193080,5e-05
BINANCE:BTCUSDT,125052.59,1759648193080,5e-05
BINANCE:BTCUSDT,125052.59,1759648193080,5e-05
BINANCE:BTCUSDT,125052,1759648193080,0.001
BINANCE:BTCUSDT,125051.98,1759648193080,0.0016
BINANCE:BTCUSDT,125051.73,1759648193080,4e-05
BINANCE:BTCUSDT,125051.73,1759648193080,4e-05
BINANCE:BTCUSDT,125051.73,1759648193080,4e-05
BINANCE:BTCUSDT,125051.58,1759648193080,5e-05
BINANCE:BTCUSDT,125050.73,1759648193088,0.0024
BINANCE:BTCUSDT,125050.73,1759648193088,0.0008
BINANCE:BTCUSDT,125050.73,1759648193088,4e-05
BINANCE:BTCUSDT,125050.73,1759648193088,5e-05
BINANCE:BTCUSDT,125050.73,1759648193088,5e-05
BINANCE:BTCUSDT,125050.73,1759648193088,5e-05
BINANCE:BTCUSDT,125050.73,1759648193088,5e-05
BINANCE:BTCUSDT,125050.73,1759648193088,5e-05
BINANCE:BTCUSDT,125050.73,1759648193088,5e-05
BINANCE:BTCUSDT,125050.73,1759648193088,5e-05
BINANCE:BTCUSDT,125050.73,1759648193088,5e-05
BINANCE:BTCUSDT,125050.73,1759648193088,5e-05
BINANCE:BTCUSDT,125050.73,1759648193088,5e-05
BINANCE:BTCUSDT,125050.73,1759648193088,5e-05
BINANCE:BTCUSDT,125050.73,1759648193088,5e-05
BINANCE:BTCUSDT,125050.73,1759648193088,5e-05
BINANCE:BTCUSDT,125050.73,1759648193088,0.06417
BINANCE:BTCUSDT,125050.73,1759648193088,0.05857
BINANCE:BTCUSDT,125050.73,1759648193088,0.06936
BINANCE:BTCUSDT,125050.73,1759648193089,0.15532
BINANCE:BTCUSDT,125050.73,1759648193089,5e-05
BINANCE:BTCUSDT,125050.73,1759648193089,5e-05
BINANCE:BTCUSDT,125050.73,1759648193089,5e-05
BINANCE:BTCUSDT,125050.73,1759648193089,5e-05
BINANCE:BTCUSDT,125050.73,1759648193089,5e-05
BINANCE:BTCUSDT,125050.73,1759648193089,0.16742
BINANCE:BTCUSDT,125050.73,1759648193090,0.17357
BINANCE:BTCUSDT,125050.73,1759648193090,5e-05
BINANCE:BTCUSDT,125050.73,1759648193090,4e-05
BINANCE:BTCUSDT,125050.73,1759648193090,5e-05
BINANCE:BTCUSDT,125050.73,1759648193090,5e-05
BINANCE:BTCUSDT,125050.73,1759648193090,4e-05
BINANCE:BTCUSDT,125050.73,1759648193090,5e-05
BINANCE:BTCUSDT,125050.73,1759648193090,5e-05
BINANCE:BTCUSDT,125050.73,1759648193090,4e-05
BINANCE:BTCUSDT,125050.73,1759648193090,4e-05
BINANCE:BTCUSDT,125050.73,1759648193090,4e-05
BINANCE:BTCUSDT,125050.72,1759648193090,5e-05
BINANCE:BTCUSDT,125050.72,1759648193090,5e-05
BINANCE:BTCUSDT,125050.72,1759648193090,5e-05
BINANCE:BTCUSDT,125050.72,1759648193090,5e-05
BINANCE:BTCUSDT,125050.72,1759648193090,5e-05
BINANCE:BTCUSDT,125050.72,1759648193090,5e-05
BINANCE:BTCUSDT,125050.72,1759648193090,5e-05
BINANCE:BTCUSDT,125050.72,1759648193090,5e-05
BINANCE:BTCUSDT,125050.72,1759648193090,5e-05
BINANCE:BTCUSDT,125050.72,1759648193090,5e-05
BINANCE:BTCUSDT,125050.72,1759648193090,5e-05
BINANCE:BTCUSDT,125050.72,1759648193090,5e-05
BINANCE:BTCUSDT,125050.72,1759648193090,5e-05
BINANCE:BTCUSDT,125050.72,1759648193090,5e-05
BINANCE:BTCUSDT,125050.72,1759648193090,5e-05
BINANCE:BTCUSDT,125050.72,1759648193090,5e-05
BINANCE:BTCUSDT,125050.72,1759648193090,5e-05
BINANCE:BTCUSDT,125050.72,1759648193090,5e-05
BINANCE:BTCUSDT,125050.31,1759648193090,5e-05
BINANCE:BTCUSDT,125050.13,1759648193092,5e-05
BINANCE:BTCUSDT,125050.13,1759648193092,5e-05
BINANCE:BTCUSDT,125050.13,1759648193092,5e-05
BINANCE:BTCUSDT,125050.12,1759648193092,5e-05
BINANCE:BTCUSDT,125050.12,1759648193092,5e-05
BINANCE:BTCUSDT,125050,1759648193092,0.001
BINANCE:BTCUSDT,125050,1759648193092,4e-05
BINANCE:BTCUSDT,125050,1759648193092,4e-05
BINANCE:BTCUSDT,125050,1759648193092,4e-05
BINANCE:BTCUSDT,125049.99,1759648193092,0.001
BINANCE:BTCUSDT,125049.99,1759648193092,0.001
BINANCE:BTCUSDT,125049.99,1759648193092,0.001
BINANCE:BTCUSDT,125049.99,1759648193092,4e-05
BINANCE:BTCUSDT,125049.99,1759648193092,4e-05
BINANCE:BTCUSDT,125049.99,1759648193092,4e-05
BINANCE:BTCUSDT,125049.96,1759648193092,4e-05
BINANCE:BTCUSDT,125049.89,1759648193092,5e-05
BINANCE:BTCUSDT,125049.89,1759648193092,5e-05
BINANCE:BTCUSDT,125049.89,1759648193092,5e-05
BINANCE:BTCUSDT,125049.88,1759648193092,5e-05
BINANCE:BTCUSDT,125049.88,1759648193092,5e-05
BINANCE:BTCUSDT,125048.46,1759648193092,4e-05
BINANCE:BTCUSDT,125048.46,1759648193092,4e-05
BINANCE:BTCUSDT,125048.46,1759648193092,4e-05
BINANCE:BTCUSDT,125048.42,1759648193092,5e-05
BINANCE:BTCUSDT,125048.42,1759648193092,5e-05
BINANCE:BTCUSDT,125048.42,1759648193092,5e-05
BINANCE:BTCUSDT,125048.41,1759648193092,5e-05
BINANCE:BTCUSDT,125048.41,1759648193092,5e-05
BINANCE:BTCUSDT,125048,1759648193092,0.001
BINANCE:BTCUSDT,125048,1759648193092,4e-05
BINANCE:BTCUSDT,125048,1759648193092,4e-05
BINANCE:BTCUSDT,125048,1759648193092,4e-05
BINANCE:BTCUSDT,125047.91,1759648193092,5e-05
BINANCE:BTCUSDT,125047.26,1759648193092,4e-05
BINANCE:BTCUSDT,125046.93,1759648193092,5e-05
BINANCE:BTCUSDT,125046.73,1759648193092,5e-05
BINANCE:BTCUSDT,125046,1759648193092,0.001
BINANCE:BTCUSDT,125046,1759648193092,4e-05
BINANCE:BTCUSDT,125046,1759648193092,4e-05
BINANCE:BTCUSDT,125046,1759648193092,4e-05
BINANCE:BTCUSDT,125044.63,1759648193092,0.00041
BINANCE:BTCUSDT,125044.63,1759648193117,5e-05
BINANCE:BTCUSDT,125044.63,1759648193117,5e-05
BINANCE:BTCUSDT,125044.63,1759648193117,5e-05
BINANCE:BTCUSDT,125044.63,1759648193117,5e-05
BINANCE:BTCUSDT,125044.63,1759648193117,5e-05
BINANCE:BTCUSDT,125044.63,1759648193117,5e-05
BINANCE:BTCUSDT,125044.63,1759648193117,5e-05
BINANCE:BTCUSDT,125044.63,1759648193117,5e-05
BINANCE:BTCUSDT,125044.63,1759648193117,5e-05
BINANCE:BTCUSDT,125044.63,1759648193117,5e-05
BINANCE:BTCUSDT,125044.63,1759648193117,5e-05
BINANCE:BTCUSDT,125044.63,1759648193117,5e-05
BINANCE:BTCUSDT,125044.63,1759648193117,5e-05
BINANCE:BTCUSDT,125044.63,1759648193117,5e-05
BINANCE:BTCUSDT,125044.63,1759648193117,0.00193
BINANCE:BTCUSDT,125044.63,1759648193117,5e-05
BINANCE:BTCUSDT,125044.63,1759648193117,5e-05
BINANCE:BTCUSDT,125044.63,1759648193117,5e-05
BINANCE:BTCUSDT,125044.63,1759648193117,5e-05
BINANCE:BTCUSDT,125044.63,1759648193117,5e-05
BINANCE:BTCUSDT,125044.63,1759648193117,5e-05
BINANCE:BTCUSDT,125044.63,1759648193117,5e-05
BINANCE:BTCUSDT,125044.63,1759648193117,5e-05
BINANCE:BTCUSDT,125044.63,1759648193117,5e-05
BINANCE:BTCUSDT,125044.63,1759648193117,5e-05
BINANCE:BTCUSDT,125044.63,1759648193117,5e-05
BINANCE:BTCUSDT,125044.63,1759648193117,5e-05
BINANCE:BTCUSDT,125044.62,1759648193117,5e-05
BINANCE:BTCUSDT,125044.62,1759648193117,5e-05
BINANCE:BTCUSDT,125044.62,1759648193117,5e-05
BINANCE:BTCUSDT,125044.62,1759648193117,5e-05
BINANCE:BTCUSDT,125044.62,1759648193117,5e-05
BINANCE:BTCUSDT,125044.62,1759648193117,5e-05
BINANCE:BTCUSDT,125044.62,1759648193117,5e-05
BINANCE:BTCUSDT,125044.62,1759648193117,5e-05
BINANCE:BTCUSDT,125044.62,1759648193117,5e-05
BINANCE:BTCUSDT,125044.62,1759648193117,5e-05
BINANCE:BTCUSDT,125044.62,1759648193117,5e-05
BINANCE:BTCUSDT,125044.62,1759648193117,5e-05
BINANCE:BTCUSDT,125044.62,1759648193117,5e-05
BINANCE:BTCUSDT,125044.62,1759648193117,5e-05
BINANCE:BTCUSDT,125044.62,1759648193117,5e-05
BINANCE:BTCUSDT,125044.62,1759648193117,5e-05
BINANCE:BTCUSDT,125044.62,1759648193117,5e-05
BINANCE:BTCUSDT,125044.62,1759648193117,5e-05
BINANCE:BTCUSDT,125044.62,1759648193117,5e-05
BINANCE:BTCUSDT,125044.62,1759648193117,5e-05
BINANCE:BTCUSDT,125044.5,1759648193117,4e-05
BINANCE:BTCUSDT,125044.5,1759648193117,4e-05
BINANCE:BTCUSDT,125044.5,1759648193117,4e-05
BINANCE:BTCUSDT,125044.24,1759648193117,5e-05
BINANCE:BTCUSDT,125044.24,1759648193117,5e-05
BINANCE:BTCUSDT,125044.24,1759648193117,5e-05
BINANCE:BTCUSDT,125044.03,1759648193117,5e-05
BINANCE:BTCUSDT,125044,1759648193117,0.001
BINANCE:BTCUSDT,125043.84,1759648193117,4e-05
BINANCE:BTCUSDT,125043.56,1759648193117,5e-05
BINANCE:BTCUSDT,125043.56,1759648193117,5e-05
BINANCE:BTCUSDT,125043.23,1759648193117,5e-05
BINANCE:BTCUSDT,125042.58,1759648193117,9e-05
BINANCE:BTCUSDT,125042.45,1759648193117,5e-05
BINANCE:BTCUSDT,125042.45,1759648193117,5e-05
BINANCE:BTCUSDT,125042.27,1759648193117,4e-05
BINANCE:BTCUSDT,125042.27,1759648193117,4e-05
BINANCE:BTCUSDT,125042.27,1759648193117,4e-05
BINANCE:BTCUSDT,125042,1759648193117,0.001
BINANCE:BTCUSDT,125042,1759648193117,0.0002
BINANCE:BTCUSDT,125041.97,1759648193117,4e-05
BINANCE:BTCUSDT,125041.97,1759648193117,4e-05
BINANCE:BTCUSDT,125041.97,1759648193117,4e-05
BINANCE:BTCUSDT,125040.57,1759648193117,5e-05
BINANCE:BTCUSDT,125040.51,1759648193117,5e-05
BINANCE:BTCUSDT,125040.51,1759648193117,5e-05
BINANCE:BTCUSDT,125040.51,1759648193117,5e-05
BINANCE:BTCUSDT,125040.51,1759648193117,5e-05
BINANCE:BTCUSDT,125040.5,1759648193132,0.00182
BINANCE:BTCUSDT,125040.51,1759648193206,8e-05
BINANCE:BTCUSDT,125040.5,1759648193344,0.00514
BINANCE:BTCUSDT,125040.5,1759648194529,0.0004
BINANCE:BTCUSDT,125040.51,1759648195406,0.00029
BINANCE:BTCUSDT,125040.5,1759648195451,0.05496
BINANCE:BTCUSDT,125040.5,1759648195790,0.00026
BINANCE:BTCUSDT,125040.51,1759648196106,0.00021
BINANCE:BTCUSDT,125040.5,1759648196145,0.00486
BINANCE:BTCUSDT,125040.51,1759648196155,0.0006
BINANCE:BTCUSDT,125040.51,1759648196299,0.00018
BINANCE:BTCUSDT,125040.51,1759648196727,0.00399
BINANCE:BTCUSDT,125040.5,1759648196771,0.00024
BINANCE:BTCUSDT,125040.5,1759648196923,0.00031
BINANCE:BTCUSDT,125040.51,1759648197243,0.00585
BINANCE:BTCUSDT,125040.5,1759648197546,0.001
BINANCE:BTCUSDT,125040.5,1759648198279,0.01599
BINANCE:BTCUSDT,125040.51,1759648198487,0.00032
BINANCE:BTCUSDT,125040.5,1759648198657,0.00075
BINANCE:BTCUSDT,125040.51,1759648198758,0.00993
BINANCE:BTCUSDT,125040.51,1759648198957,0.00168
BINANCE:BTCUSDT,125040.5,1759648199064,0.024
BINANCE:BTCUSDT,125040.51,1759648199266,0.00015
BINANCE:BTCUSDT,125040.5,1759648199626,0.00078
BINANCE:BTCUSDT,125040.5,1759648200543,0.0018
BINANCE:BTCUSDT,125040.5,1759648200543,0.43858
BINANCE:BTCUSDT,125040.5,1759648200544,0.29738
BINANCE:BTCUSDT,125040.5,1759648200544,0.0004
BINANCE:BTCUSDT,125040.5,1759648200544,5e-05
BINANCE:BTCUSDT,125040.5,1759648200544,5e-05
BINANCE:BTCUSDT,125040.5,1759648200544,4e-05
BINANCE:BTCUSDT,125040.5,1759648200544,5e-05
BINANCE:BTCUSDT,125040.5,1759648200544,5e-05
BINANCE:BTCUSDT,125040.5,1759648200544,5e-05
BINANCE:BTCUSDT,125040.5,1759648200544,5e-05
BINANCE:BTCUSDT,125040.5,1759648200544,5e-05
BINANCE:BTCUSDT,125040.5,1759648200544,0.001
BINANCE:BTCUSDT,125040.5,1759648200544,0.001
BINANCE:BTCUSDT,125040.5,1759648200544,0.001
BINANCE:BTCUSDT,125040.5,1759648200544,0.001
BINANCE:BTCUSDT,125040.5,1759648200544,0.01129
BINANCE:BTCUSDT,125040.5,1759648200544,0.00017
BINANCE:BTCUSDT,125040.5,1759648200544,0.00578
BINANCE:BTCUSDT,125040.5,1759648200544,0.01131
BINANCE:BTCUSDT,125040.5,1759648200544,5e-05
BINANCE:BTCUSDT,125040.5,1759648200544,9e-05
BINANCE:BTCUSDT,125040.5,1759648200544,5e-05
BINANCE:BTCUSDT,125040.5,1759648200544,5e-05
BINANCE:BTCUSDT,125040.5,1759648200544,5e-05
BINANCE:BTCUSDT,125040.5,1759648200544,5e-05
BINANCE:BTCUSDT,125040.5,1759648200544,5e-05
BINANCE:BTCUSDT,125040.5,1759648200544,5e-05
BINANCE:BTCUSDT,125040.5,1759648200544,5e-05
BINANCE:BTCUSDT,125040.5,1759648200544,5e-05
BINANCE:BTCUSDT,125040.5,1759648200544,5e-05
BINANCE:BTCUSDT,125040.5,1759648200544,5e-05
BINANCE:BTCUSDT,125040.5,1759648200544,5e-05
BINANCE:BTCUSDT,125040.5,1759648200544,5e-05
BINANCE:BTCUSDT,125040.5,1759648200544,5e-05
BINANCE:BTCUSDT,125040.5,1759648200544,0.0003
BINANCE:BTCUSDT,125040.5,1759648200544,5e-05
BINANCE:BTCUSDT,125040.5,1759648200544,0.00447
BINANCE:BTCUSDT,125040.5,1759648200544,5e-05
BINANCE:BTCUSDT,125040.5,1759648200544,5e-05
BINANCE:BTCUSDT,125040.5,1759648200544,5e-05
BINANCE:BTCUSDT,125040.5,1759648200544,0.001
BINANCE:BTCUSDT,125040.5,1759648200544,0.001
BINANCE:BTCUSDT,125040.5,1759648200544,5e-05
BINANCE:BTCUSDT,125040.5,1759648200544,5e-05
BINANCE:BTCUSDT,125040.5,1759648200544,4e-05
BINANCE:BTCUSDT,125040.5,1759648200544,4e-05
BINANCE:BTCUSDT,125040.49,1759648200544,5e-05
BINANCE:BTCUSDT,125040.49,1759648200544,5e-05
BINANCE:BTCUSDT,125040.49,1759648200544,5e-05
BINANCE:BTCUSDT,125040.49,1759648200544,5e-05
BINANCE:BTCUSDT,125040.49,1759648200544,5e-05
BINANCE:BTCUSDT,125040.49,1759648200544,5e-05
BINANCE:BTCUSDT,125040.49,1759648200544,0.00399
BINANCE:BTCUSDT,125040.49,1759648200544,5e-05
BINANCE:BTCUSDT,125040.49,1759648200544,5e-05
BINANCE:BTCUSDT,125040.49,1759648200544,5e-05
BINANCE:BTCUSDT,125040.49,1759648200544,5e-05
BINANCE:BTCUSDT,125040.49,1759648200544,5e-05
BINANCE:BTCUSDT,125040.49,1759648200544,5e-05
BINANCE:BTCUSDT,125040.49,1759648200544,5e-05
BINANCE:BTCUSDT,125040.49,1759648200544,5e-05
BINANCE:BTCUSDT,125040.49,1759648200544,5e-05
BINANCE:BTCUSDT,125040.41,1759648200544,6e-05
BINANCE:BTCUSDT,125040.41,1759648200544,3e-05
BINANCE:BTCUSDT,125040,1759648200544,4e-05
BINANCE:BTCUSDT,125040,1759648200544,4e-05
BINANCE:BTCUSDT,125040,1759648200544,0.001
BINANCE:BTCUSDT,125040,1759648200544,0.0002
BINANCE:BTCUSDT,125039.09,1759648200544,5e-05
BINANCE:BTCUSDT,125039.09,1759648200544,5e-05
BINANCE:BTCUSDT,125039.09,1759648200544,5e-05
BINANCE:BTCUSDT,125039.08,1759648200544,0.01163
BINANCE:BTCUSDT,125039.08,1759648200544,0.38255
BINANCE:BTCUSDT,125039.08,1759648200544,0.29559
BINANCE:BTCUSDT,125039.08,1759648200544,5e-05
BINANCE:BTCUSDT,125039.08,1759648200544,5e-05
BINANCE:BTCUSDT,125039.08,1759648200544,4e-05
BINANCE:BTCUSDT,125039.08,1759648200544,4e-05
BINANCE:BTCUSDT,125039.08,1759648200544,4e-05
BINANCE:BTCUSDT,125039.02,1759648200544,5e-05
BINANCE:BTCUSDT,125039.02,1759648200544,5e-05
BINANCE:BTCUSDT,125039.02,1759648200544,5e-05
BINANCE:BTCUSDT,125039.01,1759648200544,5e-05
BINANCE:BTCUSDT,125039.01,1759648200544,5e-05
BINANCE:BTCUSDT,125039.01,1759648200544,4e-05
BINANCE:BTCUSDT,125039.01,1759648200544,4e-05
BINANCE:BTCUSDT,125039.01,1759648200544,4e-05
BINANCE:BTCUSDT,125038.67,1759648200544,4e-05
BINANCE:BTCUSDT,125038.67,1759648200544,4e-05
BINANCE:BTCUSDT,125038.67,1759648200544,4e-05
BINANCE:BTCUSDT,125038.63,1759648200544,0.0024
BINANCE:BTCUSDT,125038,1759648200546,0.001
BINANCE:BTCUSDT,125038,1759648200546,0.0002
BINANCE:BTCUSDT,125038,1759648200546,4e-05
BINANCE:BTCUSDT,125038,1759648200546,4e-05
BINANCE:BTCUSDT,125038,1759648200546,4e-05
BINANCE:BTCUSDT,125037.72,1759648200546,4e-05
BINANCE:BTCUSDT,125037.35,1759648200546,5e-05
BINANCE:BTCUSDT,125036.9,1759648200546,5e-05
BINANCE:BTCUSDT,125036.52,1759648200546,4e-05
BINANCE:BTCUSDT,125036.52,1759648200546,4e-05
BINANCE:BTCUSDT,125036.52,1759648200546,4e-05
BINANCE:BTCUSDT,125036.45,1759648200546,5e-05
BINANCE:BTCUSDT,125036.44,1759648200546,0.01563
BINANCE:BTCUSDT,125036.44,1759648200546,0.00015
BINANCE:BTCUSDT,125036.44,1759648200546,5e-05
BINANCE:BTCUSDT,125036.44,1759648200546,5e-05
BINANCE:BTCUSDT,125036.07,1759648200548,4e-05
BINANCE:BTCUSDT,125036.07,1759648200548,4e-05
BINANCE:BTCUSDT,125036.07,1759648200548,4e-05
BINANCE:BTCUSDT,125036,1759648200548,0.001
BINANCE:BTCUSDT,125036,1759648200548,0.0002
BINANCE:BTCUSDT,125036,1759648200548,4e-05
BINANCE:BTCUSDT,125036,1759648200548,4e-05
BINANCE:BTCUSDT,125036,1759648200548,4e-05
BINANCE:BTCUSDT,125035.67,1759648200548,4e-05
BINANCE:BTCUSDT,125035.67,1759648200548,4e-05
BINANCE:BTCUSDT,125035.67,1759648200548,4e-05
BINANCE:BTCUSDT,125035.41,1759648200548,0.00159
BINANCE:BTCUSDT,125035.41,1759648200548,4e-05
BINANCE:BTCUSDT,125035.41,1759648200548,4e-05
BINANCE:BTCUSDT,125035.41,1759648200548,4e-05
BINANCE:BTCUSDT,125035,1759648200548,0.00378
BINANCE:BTCUSDT,125034.97,1759648200553,0.003
BINANCE:BTCUSDT,125034.97,1759648200553,5e-05
BINANCE:BTCUSDT,125034.97,1759648200553,5e-05
BINANCE:BTCUSDT,125034.97,1759648200553,5e-05
BINANCE:BTCUSDT,125034.97,1759648200553,5e-05
BINANCE:BTCUSDT,125034.97,1759648200553,5e-05
BINANCE:BTCUSDT,125034.97,1759648200553,5e-05
BINANCE:BTCUSDT,125034.97,1759648200553,5e-05
BINANCE:BTCUSDT,125034.97,1759648200553,5e-05
BINANCE:BTCUSDT,125034.97,1759648200553,5e-05
BINANCE:BTCUSDT,125034.97,1759648200553,5e-05
BINANCE:BTCUSDT,125034.97,1759648200553,5e-05
BINANCE:BTCUSDT,125034.97,1759648200553,5e-05
BINANCE:BTCUSDT,125034.97,1759648200553,5e-05
BINANCE:BTCUSDT,125034.97,1759648200553,5e-05
BINANCE:BTCUSDT,125034.97,1759648200553,5e-05
BINANCE:BTCUSDT,125034.97,1759648200553,5e-05
BINANCE:BTCUSDT,125034.97,1759648200553,5e-05
BINANCE:BTCUSDT,125034.97,1759648200553,5e-05
BINANCE:BTCUSDT,125034.97,1759648200553,5e-05
BINANCE:BTCUSDT,125034.97,1759648200553,5e-05
BINANCE:BTCUSDT,125034.96,1759648200553,5e-05
BINANCE:BTCUSDT,125034.96,1759648200553,5e-05
BINANCE:BTCUSDT,125034.96,1759648200553,5e-05
BINANCE:BTCUSDT,125034.96,1759648200553,5e-05
BINANCE:BTCUSDT,125034.96,1759648200553,5e-05
BINANCE:BTCUSDT,125034.96,1759648200553,5e-05
BINANCE:BTCUSDT,125034.96,1759648200553,5e-05
BINANCE:BTCUSDT,125034.96,1759648200553,5e-05
BINANCE:BTCUSDT,125034.96,1759648200553,5e-05
BINANCE:BTCUSDT,125034.96,1759648200553,5e-05
BINANCE:BTCUSDT,125034.96,1759648200553,5e-05
BINANCE:BTCUSDT,125034.96,1759648200553,5e-05
BINANCE:BTCUSDT,125034.96,1759648200553,5e-05
BINANCE:BTCUSDT,125034.96,1759648200553,5e-05
BINANCE:BTCUSDT,125034.96,1759648200553,5e-05
BINANCE:BTCUSDT,125034.96,1759648200553,5e-05
BINANCE:BTCUSDT,125034.96,1759648200553,5e-05
BINANCE:BTCUSDT,125034.96,1759648200553,5e-05
BINANCE:BTCUSDT,125034.47,1759648200553,4e-05
BINANCE:BTCUSDT,125034.47,1759648200553,5e-05
BINANCE:BTCUSDT,125034.47,1759648200553,5e-05
BINANCE:BTCUSDT,125034.47,1759648200553,4e-05
BINANCE:BTCUSDT,125034.47,1759648200553,4e-05
BINANCE:BTCUSDT,125034.46,1759648200553,5e-05
BINANCE:BTCUSDT,125034.46,1759648200553,5e-05
BINANCE:BTCUSDT,125034,1759648200553,0.001
BINANCE:BTCUSDT,125034,1759648200553,0.0002
BINANCE:BTCUSDT,125033.83,1759648200553,4e-05
BINANCE:BTCUSDT,125033.83,1759648200553,4e-05
BINANCE:BTCUSDT,125033.83,1759648200553,4e-05
BINANCE:BTCUSDT,125033.23,1759648200553,5e-05
BINANCE:BTCUSDT,125032,1759648200553,0.001
BINANCE:BTCUSDT,125032,1759648200553,0.0002
BINANCE:BTCUSDT,125032,1759648200553,0.00012
BINANCE:BTCUSDT,125032,1759648200553,4e-05
BINANCE:BTCUSDT,125032,1759648200553,4e-05
BINANCE:BTCUSDT,125032,1759648200553,1e-05
BINANCE:BTCUSDT,125032,1759648200555,3e-05
BINANCE:BTCUSDT,125032,1759648200555,5e-05
BINANCE:BTCUSDT,125031.99,1759648200555,5e-05
BINANCE:BTCUSDT,125031.99,1759648200555,5e-05
BINANCE:BTCUSDT,125031.99,1759648200555,5e-05
BINANCE:BTCUSDT,125031.99,1759648200555,5e-05
BINANCE:BTCUSDT,125031.6,1759648200555,4e-05
BINANCE:BTCUSDT,125031.1,1759648200555,5e-05
BINANCE:BTCUSDT,125030.52,1759648200555,4e-05
BINANCE:BTCUSDT,125030.52,1759648200555,5e-05
BINANCE:BTCUSDT,125030.52,1759648200555,4e-05
BINANCE:BTCUSDT,125030.52,1759648200555,4e-05
BINANCE:BTCUSDT,125030,1759648200568,0.001
BINANCE:BTCUSDT,125030,1759648200568,0.0002
BINANCE:BTCUSDT,125030,1759648200568,0.00012
BINANCE:BTCUSDT,125030,1759648200568,4e-05
BINANCE:BTCUSDT,125030,1759648200568,5e-05
BINANCE:BTCUSDT,125030,1759648200568,5e-05
BINANCE:BTCUSDT,125030,1759648200568,5e-05
BINANCE:BTCUSDT,125030,1759648200568,5e-05
BINANCE:BTCUSDT,125030,1759648200568,5e-05
BINANCE:BTCUSDT,125030,1759648200568,5e-05
BINANCE:BTCUSDT,125030,1759648200568,5e-05
BINANCE:BTCUSDT,125030,1759648200568,5e-05
BINANCE:BTCUSDT,125030,1759648200568,5e-05
BINANCE:BTCUSDT,125030,1759648200568,5e-05
BINANCE:BTCUSDT,125030,1759648200568,5e-05
BINANCE:BTCUSDT,125030,1759648200568,5e-05
BINANCE:BTCUSDT,125030,1759648200568,5e-05
BINANCE:BTCUSDT,125030,1759648200568,5e-05
BINANCE:BTCUSDT,125030,1759648200568,5e-05
BINANCE:BTCUSDT,125030,1759648200568,5e-05
BINANCE:BTCUSDT,125030,1759648200568,5e-05
BINANCE:BTCUSDT,125030,1759648200568,5e-05
BINANCE:BTCUSDT,125030,1759648200568,5e-05
BINANCE:BTCUSDT,125030,1759648200568,5e-05
BINANCE:BTCUSDT,125030,1759648200568,4e-05
BINANCE:BTCUSDT,125030,1759648200568,4e-05
BINANCE:BTCUSDT,125029.99,1759648200568,5e-05
BINANCE:BTCUSDT,125029.99,1759648200568,5e-05
BINANCE:BTCUSDT,125029.99,1759648200568,5e-05
BINANCE:BTCUSDT,125029.99,1759648200568,5e-05
BINANCE:BTCUSDT,125029.99,1759648200568,5e-05
BINANCE:BTCUSDT,125029.99,1759648200568,5e-05
BINANCE:BTCUSDT,125029.99,1759648200568,5e-05
BINANCE:BTCUSDT,125029.99,1759648200568,5e-05
BINANCE:BTCUSDT,125029.99,1759648200568,5e-05
BINANCE:BTCUSDT,125029.99,1759648200568,5e-05
BINANCE:BTCUSDT,125029.99,1759648200568,5e-05
BINANCE:BTCUSDT,125029.99,1759648200568,5e-05
BINANCE:BTCUSDT,125029.99,1759648200568,5e-05
BINANCE:BTCUSDT,125029.99,1759648200568,5e-05
BINANCE:BTCUSDT,125029.99,1759648200568,5e-05
BINANCE:BTCUSDT,125029.99,1759648200568,5e-05
BINANCE:BTCUSDT,125029.99,1759648200568,5e-05
BINANCE:BTCUSDT,125029.99,1759648200568,5e-05
BINANCE:BTCUSDT,125029.56,1759648200568,5e-05
BINANCE:BTCUSDT,125029.56,1759648200568,5e-05
BINANCE:BTCUSDT,125029.56,1759648200568,5e-05
BINANCE:BTCUSDT,125029.21,1759648200568,5e-05
BINANCE:BTCUSDT,125029.21,1759648200568,5e-05
BINANCE:BTCUSDT,125029.21,1759648200568,5e-05
BINANCE:BTCUSDT,125029.21,1759648200568,5e-05
BINANCE:BTCUSDT,125029.2,1759648200574,5e-05
BINANCE:BTCUSDT,125029.2,1759648200574,4e-05
BINANCE:BTCUSDT,125029.2,1759648200574,5e-05
BINANCE:BTCUSDT,125029.2,1759648200574,5e-05
BINANCE:BTCUSDT,125029.2,1759648200574,5e-05
BINANCE:BTCUSDT,125029.2,1759648200574,5e-05
BINANCE:BTCUSDT,125029.2,1759648200574,5e-05
BINANCE:BTCUSDT,125029.2,1759648200574,5e-05
BINANCE:BTCUSDT,125029.2,1759648200574,5e-05
BINANCE:BTCUSDT,125029.2,1759648200574,5e-05
BINANCE:BTCUSDT,125029.2,1759648200574,5e-05
BINANCE:BTCUSDT,125029.2,1759648200574,5e-05
BINANCE:BTCUSDT,125029.2,1759648200574,5e-05
BINANCE:BTCUSDT,125029.2,1759648200574,5e-05
BINANCE:BTCUSDT,125029.2,1759648200574,5e-05
BINANCE:BTCUSDT,125029.2,1759648200574,5e-05
BINANCE:BTCUSDT,125029.2,1759648200574,5e-05
BINANCE:BTCUSDT,125029.2,1759648200574,5e-05
BINANCE:BTCUSDT,125029.2,1759648200574,5e-05
BINANCE:BTCUSDT,125029.2,1759648200574,5e-05
BINANCE:BTCUSDT,125029.2,1759648200574,5e-05
BINANCE:BTCUSDT,125029.2,1759648200574,5e-05
BINANCE:BTCUSDT,125029.2,1759648200574,5e-05
BINANCE:BTCUSDT,125029.2,1759648200574,5e-05
BINANCE:BTCUSDT,125029.2,1759648200574,5e-05
BINANCE:BTCUSDT,125029.2,1759648200574,5e-05
BINANCE:BTCUSDT,125029.2,1759648200574,5e-05
BINANCE:BTCUSDT,125029.2,1759648200574,5e-05
BINANCE:BTCUSDT,125029.2,1759648200574,5e-05
BINANCE:BTCUSDT,125029.2,1759648200574,5e-05
BINANCE:BTCUSDT,125029.2,1759648200574,5e-05
BINANCE:BTCUSDT,125029.2,1759648200574,5e-05
BINANCE:BTCUSDT,125029.2,1759648200574,5e-05
BINANCE:BTCUSDT,125029.2,1759648200574,5e-05
BINANCE:BTCUSDT,125029.2,1759648200574,5e-05
BINANCE:BTCUSDT,125029.2,1759648200574,5e-05
BINANCE:BTCUSDT,125029.2,1759648200574,5e-05
BINANCE:BTCUSDT,125029.2,1759648200574,5e-05
BINANCE:BTCUSDT,125029.2,1759648200574,4e-05
BINANCE:BTCUSDT,125029.2,1759648200574,4e-05
BINANCE:BTCUSDT,125029.19,1759648200574,5e-05
BINANCE:BTCUSDT,125029.19,1759648200574,5e-05
BINANCE:BTCUSDT,125029.19,1759648200574,5e-05
BINANCE:BTCUSDT,125029.19,1759648200574,5e-05
BINANCE:BTCUSDT,125029.19,1759648200574,5e-05
BINANCE:BTCUSDT,125029.19,1759648200574,5e-05
BINANCE:BTCUSDT,125029.19,1759648200574,5e-05
BINANCE:BTCUSDT,125029.19,1759648200574,5e-05
BINANCE:BTCUSDT,125029.19,1759648200574,5e-05
BINANCE:BTCUSDT,125029.19,1759648200574,5e-05
BINANCE:BTCUSDT,125029.19,1759648200574,5e-05
BINANCE:BTCUSDT,125029.19,1759648200574,5e-05
BINANCE:BTCUSDT,125029.19,1759648200574,5e-05
BINANCE:BTCUSDT,125029.19,1759648200574,5e-05
BINANCE:BTCUSDT,125029.19,1759648200574,5e-05
BINANCE:BTCUSDT,125029.19,1759648200574,5e-05
BINANCE:BTCUSDT,125029.19,1759648200574,5e-05
BINANCE:BTCUSDT,125029.19,1759648200574,5e-05
BINANCE:BTCUSDT,125029.17,1759648200574,5e-05
BINANCE:BTCUSDT,125029.16,1759648200574,5e-05
BINANCE:BTCUSDT,125029,1759648200574,5e-05
BINANCE:BTCUSDT,125028.38,1759648200574,5e-05
BINANCE:BTCUSDT,125028.38,1759648200574,5e-05
BINANCE:BTCUSDT,125028.38,1759648200574,5e-05
BINANCE:BTCUSDT,125028.37,1759648200574,4e-05
BINANCE:BTCUSDT,125028.37,1759648200574,4e-05
BINANCE:BTCUSDT,125028.37,1759648200574,4e-05
BINANCE:BTCUSDT,125028.29,1759648200574,6e-05
BINANCE:BTCUSDT,125028.25,1759648200574,0.0003
BINANCE:BTCUSDT,125028.25,1759648200574,4e-05
BINANCE:BTCUSDT,125028.24,1759648200574,7e-05
BINANCE:BTCUSDT,125028.21,1759648200574,9e-05
BINANCE:BTCUSDT,125028,1759648200574,0.001
BINANCE:BTCUSDT,125028,1759648200574,0.0002
BINANCE:BTCUSDT,125028,1759648200574,0.00012
BINANCE:BTCUSDT,125028,1759648200574,4e-05
BINANCE:BTCUSDT,125028,1759648200574,4e-05
BINANCE:BTCUSDT,125028,1759648200574,4e-05
BINANCE:BTCUSDT,125027.96,1759648200574,9e-05
BINANCE:BTCUSDT,125026.83,1759648200574,0.00079
BINANCE:BTCUSDT,125026.64,1759648200574,5e-05
BINANCE:BTCUSDT,125026.64,1759648200574,5e-05
BINANCE:BTCUSDT,125026.64,1759648200574,0.00173
BINANCE:BTCUSDT,125026.64,1759648200609,5e-05
BINANCE:BTCUSDT,125026.64,1759648200609,5e-05
BINANCE:BTCUSDT,125026.64,1759648200609,5e-05
BINANCE:BTCUSDT,125026.64,1759648200609,5e-05
BINANCE:BTCUSDT,125026.64,1759648200609,5e-05
BINANCE:BTCUSDT,125026.64,1759648200609,5e-05
BINANCE:BTCUSDT,125026.64,1759648200609,5e-05
BINANCE:BTCUSDT,125026.64,1759648200609,5e-05
BINANCE:BTCUSDT,125026.64,1759648200609,5e-05
BINANCE:BTCUSDT,125026.64,1759648200609,5e-05
BINANCE:BTCUSDT,125026.64,1759648200609,5e-05
BINANCE:BTCUSDT,125026.64,1759648200609,5e-05
BINANCE:BTCUSDT,125026.64,1759648200609,5e-05
BINANCE:BTCUSDT,125026.64,1759648200609,5e-05
BINANCE:BTCUSDT,125026.64,1759648200609,5e-05
BINANCE:BTCUSDT,125026.64,1759648200609,5e-05
BINANCE:BTCUSDT,125026.64,1759648200609,5e-05
BINANCE:BTCUSDT,125026.64,1759648200609,5e-05
BINANCE:BTCUSDT,125026.64,1759648200609,5e-05
BINANCE:BTCUSDT,125026.64,1759648200609,5e-05
BINANCE:BTCUSDT,125026.64,1759648200609,4e-05
BINANCE:BTCUSDT,125026.64,1759648200609,5e-05
BINANCE:BTCUSDT,125026.64,1759648200609,4e-05
BINANCE:BTCUSDT,125026.64,1759648200609,4e-05
BINANCE:BTCUSDT,125026.63,1759648200616,5e-05
BINANCE:BTCUSDT,125026.63,1759648200616,5e-05
BINANCE:BTCUSDT,125026.63,1759648200616,5e-05
BINANCE:BTCUSDT,125026.63,1759648200616,5e-05
BINANCE:BTCUSDT,125026.63,1759648200616,5e-05
BINANCE:BTCUSDT,125026.63,1759648200616,5e-05
BINANCE:BTCUSDT,125026.63,1759648200616,5e-05
BINANCE:BTCUSDT,125026.63,1759648200616,5e-05
BINANCE:BTCUSDT,125026.63,1759648200616,5e-05
BINANCE:BTCUSDT,125026.63,1759648200616,5e-05
BINANCE:BTCUSDT,125026.63,1759648200616,5e-05
BINANCE:BTCUSDT,125026.63,1759648200616,5e-05
BINANCE:BTCUSDT,125026.63,1759648200616,5e-05
BINANCE:BTCUSDT,125026.63,1759648200616,5e-05
BINANCE:BTCUSDT,125026.63,1759648200616,5e-05
BINANCE:BTCUSDT,125026.63,1759648200616,5e-05
BINANCE:BTCUSDT,125026.63,1759648200616,5e-05
BINANCE:BTCUSDT,125026.63,1759648200616,5e-05
BINANCE:BTCUSDT,125026.63,1759648200616,5e-05
BINANCE:BTCUSDT,125026.63,1759648200616,5e-05
BINANCE:BTCUSDT,125026.63,1759648200616,5e-05
BINANCE:BTCUSDT,125026.63,1759648200616,5e-05
BINANCE:BTCUSDT,125026.63,1759648200616,4e-05
BINANCE:BTCUSDT,125026.63,1759648200616,5e-05
BINANCE:BTCUSDT,125026.63,1759648200616,5e-05
BINANCE:BTCUSDT,125026.63,1759648200616,5e-05
BINANCE:BTCUSDT,125026.63,1759648200616,5e-05
BINANCE:BTCUSDT,125026.63,1759648200616,5e-05
BINANCE:BTCUSDT,125026.63,1759648200616,5e-05
BINANCE:BTCUSDT,125026.63,1759648200616,5e-05
BINANCE:BTCUSDT,125026.63,1759648200616,5e-05
BINANCE:BTCUSDT,125026.63,1759648200616,5e-05
BINANCE:BTCUSDT,125026.63,1759648200616,5e-05
BINANCE:BTCUSDT,125026.63,1759648200616,5e-05
BINANCE:BTCUSDT,125026.63,1759648200616,5e-05
BINANCE:BTCUSDT,125026.63,1759648200616,5e-05
BINANCE:BTCUSDT,125026.63,1759648200616,5e-05
BINANCE:BTCUSDT,125026.63,1759648200616,5e-05
BINANCE:BTCUSDT,125026.63,1759648200616,5e-05
BINANCE:BTCUSDT,125026.63,1759648200616,5e-05
BINANCE:BTCUSDT,125026.63,1759648200616,5e-05
BINANCE:BTCUSDT,125026.63,1759648200616,5e-05
BINANCE:BTCUSDT,125026.63,1759648200616,5e-05
BINANCE:BTCUSDT,125026.63,1759648200616,5e-05
BINANCE:BTCUSDT,125026.63,1759648200616,5e-05
BINANCE:BTCUSDT,125026.63,1759648200616,4e-05
BINANCE:BTCUSDT,125026.63,1759648200616,4e-05
BINANCE:BTCUSDT,125026.62,1759648200616,5e-05
BINANCE:BTCUSDT,125026.62,1759648200616,5e-05
BINANCE:BTCUSDT,125026.62,1759648200616,5e-05
BINANCE:BTCUSDT,125026.62,1759648200616,5e-05
BINANCE:BTCUSDT,125026.62,1759648200616,5e-05
BINANCE:BTCUSDT,125026.62,1759648200616,5e-05
BINANCE:BTCUSDT,125026.62,1759648200616,5e-05
BINANCE:BTCUSDT,125026.62,1759648200616,5e-05
BINANCE:BTCUSDT,125026.62,1759648200616,5e-05
BINANCE:BTCUSDT,125026.62,1759648200616,5e-05
BINANCE:BTCUSDT,125026.62,1759648200616,5e-05
BINANCE:BTCUSDT,125026.62,1759648200616,5e-05
BINANCE:BTCUSDT,125026.62,1759648200616,5e-05
BINANCE:BTCUSDT,125026.62,1759648200616,5e-05
BINANCE:BTCUSDT,125026.62,1759648200616,5e-05
BINANCE:BTCUSDT,125026.62,1759648200616,5e-05
BINANCE:BTCUSDT,125026.62,1759648200616,5e-05
BINANCE:BTCUSDT,125026.62,1759648200616,5e-05
BINANCE:BTCUSDT,125026.62,1759648200616,5e-05
BINANCE:BTCUSDT,125026.62,1759648200616,5e-05
BINANCE:BTCUSDT,125026.62,1759648200616,5e-05
BINANCE:BTCUSDT,125026.62,1759648200616,5e-05
BINANCE:BTCUSDT,125026.62,1759648200616,5e-05
BINANCE:BTCUSDT,125026.62,1759648200616,5e-05
BINANCE:BTCUSDT,125026.62,1759648200616,5e-05
BINANCE:BTCUSDT,125026.37,1759648200616,4e-05
BINANCE:BTCUSDT,125026,1759648200616,0.001
BINANCE:BTCUSDT,125026,1759648200616,0.0002
BINANCE:BTCUSDT,125026,1759648200616,0.00012
BINANCE:BTCUSDT,125025.89,1759648200616,5e-05
BINANCE:BTCUSDT,125025.48,1759648200616,4e-05
BINANCE:BTCUSDT,125024.89,1759648200616,5e-05
BINANCE:BTCUSDT,125024.89,1759648200616,5e-05
BINANCE:BTCUSDT,125024.89,1759648200616,5e-05
BINANCE:BTCUSDT,125024.88,1759648201365,5e-05
BINANCE:BTCUSDT,125024.88,1759648201365,5e-05
BINANCE:BTCUSDT,125024.88,1759648201365,5e-05
BINANCE:BTCUSDT,125024.88,1759648201365,5e-05
BINANCE:BTCUSDT,125024.88,1759648201365,5e-05
BINANCE:BTCUSDT,125024.88,1759648201365,5e-05
BINANCE:BTCUSDT,125024.88,1759648201365,5e-05
BINANCE:BTCUSDT,125024.88,1759648201365,5e-05
BINANCE:BTCUSDT,125024.88,1759648201365,5e-05
BINANCE:BTCUSDT,125024.88,1759648201365,5e-05
BINANCE:BTCUSDT,125024.88,1759648201365,5e-05
BINANCE:BTCUSDT,125024.88,1759648201365,5e-05
BINANCE:BTCUSDT,125024.88,1759648201365,5e-05
BINANCE:BTCUSDT,125024.88,1759648201365,5e-05
BINANCE:BTCUSDT,125024.88,1759648201365,5e-05
BINANCE:BTCUSDT,125024.88,1759648201365,5e-05
BINANCE:BTCUSDT,125024.88,1759648201365,5e-05
BINANCE:BTCUSDT,125024.88,1759648201365,5e-05
BINANCE:BTCUSDT,125024.88,1759648201365,5e-05
BINANCE:BTCUSDT,125024.88,1759648201365,5e-05
BINANCE:BTCUSDT,125024.88,1759648201365,5e-05
BINANCE:BTCUSDT,125024.88,1759648201365,5e-05
BINANCE:BTCUSDT,125024.88,1759648201365,5e-05
BINANCE:BTCUSDT,125024.88,1759648201365,0.00698
BINANCE:BTCUSDT,125024.88,1759648201365,0.04103
BINANCE:BTCUSDT,125024.88,1759648201365,0.00299
BINANCE:BTCUSDT,125024.88,1759648201365,0.04801
BINANCE:BTCUSDT,125024.88,1759648201365,5e-05
BINANCE:BTCUSDT,125024.88,1759648201365,0.001
BINANCE:BTCUSDT,125024.88,1759648201365,0.001
BINANCE:BTCUSDT,125024.88,1759648201365,0.001
BINANCE:BTCUSDT,125024.88,1759648201365,0.001
BINANCE:BTCUSDT,125024.88,1759648201365,5e-05
BINANCE:BTCUSDT,125024.88,1759648201365,5e-05
BINANCE:BTCUSDT,125024.88,1759648201365,0.0068
BINANCE:BTCUSDT,125024.88,1759648201365,0.0003
BINANCE:BTCUSDT,125024.88,1759648201365,0.00017
BINANCE:BTCUSDT,125024.88,1759648201365,0.00348
BINANCE:BTCUSDT,125024.88,1759648201365,0.0002
BINANCE:BTCUSDT,125024.88,1759648201365,5e-05
BINANCE:BTCUSDT,125024.88,1759648201365,5e-05
BINANCE:BTCUSDT,125024.88,1759648201365,5e-05
BINANCE:BTCUSDT,125024.88,1759648201365,4e-05
BINANCE:BTCUSDT,125024.88,1759648201365,5e-05
BINANCE:BTCUSDT,125024.88,1759648201365,5e-05
BINANCE:BTCUSDT,125024.88,1759648201365,5e-05
BINANCE:BTCUSDT,125024.88,1759648201365,5e-05
BINANCE:BTCUSDT,125024.88,1759648201365,5e-05
BINANCE:BTCUSDT,125024.88,1759648201365,5e-05
BINANCE:BTCUSDT,125024.88,1759648201365,5e-05
BINANCE:BTCUSDT,125024.88,1759648201365,5e-05
BINANCE:BTCUSDT,125024.88,1759648201365,5e-05
BINANCE:BTCUSDT,125024.88,1759648201365,5e-05
BINANCE:BTCUSDT,125024.88,1759648201365,5e-05
BINANCE:BTCUSDT,125024.88,1759648201365,5e-05
BINANCE:BTCUSDT,125024.88,1759648201365,5e-05
BINANCE:BTCUSDT,125024.88,1759648201365,4e-05
BINANCE:BTCUSDT,125024.88,1759648201365,4e-05
BINANCE:BTCUSDT,125024.87,1759648201365,5e-05
BINANCE:BTCUSDT,125024.87,1759648201365,5e-05
BINANCE:BTCUSDT,125024.87,1759648201365,5e-05
BINANCE:BTCUSDT,125024.87,1759648201365,5e-05
BINANCE:BTCUSDT,125024.87,1759648201365,5e-05
BINANCE:BTCUSDT,125024.87,1759648201365,5e-05
BINANCE:BTCUSDT,125024.87,1759648201365,5e-05
BINANCE:BTCUSDT,125024.87,1759648201365,5e-05
BINANCE:BTCUSDT,125024.87,1759648201365,5e-05
BINANCE:BTCUSDT,125024.87,1759648201365,5e-05
BINANCE:BTCUSDT,125024.87,1759648201365,5e-05
BINANCE:BTCUSDT,125024.87,1759648201365,5e-05
BINANCE:BTCUSDT,125024.87,1759648201365,5e-05
BINANCE:BTCUSDT,125024.87,1759648201365,5e-05
BINANCE:BTCUSDT,125024.87,1759648201365,5e-05
BINANCE:BTCUSDT,125024.87,1759648201365,5e-05
BINANCE:BTCUSDT,125024.12,1759648201365,5e-05
BINANCE:BTCUSDT,125024.04,1759648201365,4e-05
BINANCE:BTCUSDT,125024.04,1759648201365,4e-05
BINANCE:BTCUSDT,125024.04,1759648201365,4e-05
BINANCE:BTCUSDT,125024,1759648201365,0.001
BINANCE:BTCUSDT,125024,1759648201365,0.0002
BINANCE:BTCUSDT,125024,1759648201365,0.00012
BINANCE:BTCUSDT,125024,1759648201365,4e-05
BINANCE:BTCUSDT,125024,1759648201365,4e-05
BINANCE:BTCUSDT,125024,1759648201365,4e-05
BINANCE:BTCUSDT,125023.47,1759648201365,4e-05
BINANCE:BTCUSDT,125023.47,1759648201365,4e-05
BINANCE:BTCUSDT,125023.47,1759648201365,4e-05
BINANCE:BTCUSDT,125023.4,1759648201365,5e-05
BINANCE:BTCUSDT,125023.4,1759648201365,5e-05
BINANCE:BTCUSDT,125023.4,1759648201365,5e-05
BINANCE:BTCUSDT,125023.39,1759648201365,5e-05
BINANCE:BTCUSDT,125023.39,1759648201365,5e-05
BINANCE:BTCUSDT,125022.62,1759648201366,9e-05
BINANCE:BTCUSDT,125022.22,1759648201366,5e-05
BINANCE:BTCUSDT,125022.12,1759648201367,9e-05
BINANCE:BTCUSDT,125022,1759648201367,0.001
BINANCE:BTCUSDT,125022,1759648201367,0.0002
BINANCE:BTCUSDT,125022,1759648201367,0.00012
BINANCE:BTCUSDT,125022,1759648201367,4e-05
BINANCE:BTCUSDT,125022,1759648201367,4e-05
BINANCE:BTCUSDT,125022,1759648201367,4e-05
BINANCE:BTCUSDT,125021.34,1759648201367,0.0032
BINANCE:BTCUSDT,125020.55,1759648201367,4e-05
BINANCE:BTCUSDT,125020.55,1759648201367,4e-05
BINANCE:BTCUSDT,125020.55,1759648201367,4e-05
BINANCE:BTCUSDT,125020,1759648201367,0.00012
BINANCE:BTCUSDT,125020,1759648201367,0.001
BINANCE:BTCUSDT,125020,1759648201367,0.0002
BINANCE:BTCUSDT,125020,1759648201367,4e-05
BINANCE:BTCUSDT,125019.36,1759648201367,4e-05
BINANCE:BTCUSDT,125019.08,1759648201369,4e-05
BINANCE:BTCUSDT,125019.08,1759648201369,5e-05
BINANCE:BTCUSDT,125019.08,1759648201369,5e-05
BINANCE:BTCUSDT,125019.08,1759648201369,5e-05
BINANCE:BTCUSDT,125019.08,1759648201369,5e-05
BINANCE:BTCUSDT,125019.08,1759648201369,5e-05
BINANCE:BTCUSDT,125019.08,1759648201369,5e-05
BINANCE:BTCUSDT,125019.08,1759648201369,4e-05
BINANCE:BTCUSDT,125019.08,1759648201369,4e-05
BINANCE:BTCUSDT,125019.07,1759648201369,5e-05
BINANCE:BTCUSDT,125019.07,1759648201369,5e-05
BINANCE:BTCUSDT,125019.07,1759648201369,5e-05
BINANCE:BTCUSDT,125019.07,1759648201369,5e-05
BINANCE:BTCUSDT,125019.07,1759648201369,5e-05
BINANCE:BTCUSDT,125018.6,1759648201369,5e-05
BINANCE:BTCUSDT,125018.55,1759648201369,5e-05
BINANCE:BTCUSDT,125018.38,1759648201369,5e-05
BINANCE:BTCUSDT,125018.38,1759648201369,5e-05
BINANCE:BTCUSDT,125018.38,1759648201369,5e-05
BINANCE:BTCUSDT,125018.37,1759648201374,5e-05
BINANCE:BTCUSDT,125018.37,1759648201374,5e-05
BINANCE:BTCUSDT,125018.37,1759648201374,5e-05
BINANCE:BTCUSDT,125018.37,1759648201374,5e-05
BINANCE:BTCUSDT,125018.37,1759648201374,5e-05
BINANCE:BTCUSDT,125018.37,1759648201374,5e-05
BINANCE:BTCUSDT,125018.37,1759648201374,5e-05
BINANCE:BTCUSDT,125018.37,1759648201374,5e-05
BINANCE:BTCUSDT,125018.37,1759648201374,5e-05
BINANCE:BTCUSDT,125018.37,1759648201374,5e-05
BINANCE:BTCUSDT,125018.37,1759648201374,5e-05
BINANCE:BTCUSDT,125018.37,1759648201374,5e-05
BINANCE:BTCUSDT,125018.37,1759648201374,5e-05
BINANCE:BTCUSDT,125018.37,1759648201374,5e-05
BINANCE:BTCUSDT,125018.37,1759648201374,5e-05
BINANCE:BTCUSDT,125018.37,1759648201374,5e-05
BINANCE:BTCUSDT,125018.37,1759648201374,5e-05
BINANCE:BTCUSDT,125018.37,1759648201374,5e-05
BINANCE:BTCUSDT,125018.37,1759648201374,5e-05
BINANCE:BTCUSDT,125018.37,1759648201374,5e-05
BINANCE:BTCUSDT,125018.37,1759648201374,5e-05
BINANCE:BTCUSDT,125018.37,1759648201374,5e-05
BINANCE:BTCUSDT,125018.37,1759648201374,5e-05
BINANCE:BTCUSDT,125018.37,1759648201374,5e-05
BINANCE:BTCUSDT,125018.37,1759648201374,5e-05
BINANCE:BTCUSDT,125018.37,1759648201374,5e-05
BINANCE:BTCUSDT,125018.37,1759648201374,5e-05
BINANCE:BTCUSDT,125018.37,1759648201374,5e-05
BINANCE:BTCUSDT,125018.37,1759648201374,5e-05
BINANCE:BTCUSDT,125018.37,1759648201374,5e-05
BINANCE:BTCUSDT,125018.37,1759648201374,5e-05
BINANCE:BTCUSDT,125018.37,1759648201374,5e-05
BINANCE:BTCUSDT,125018.37,1759648201374,5e-05
BINANCE:BTCUSDT,125018.37,1759648201374,5e-05
BINANCE:BTCUSDT,125018.37,1759648201374,4e-05
BINANCE:BTCUSDT,125018.37,1759648201374,5e-05
BINANCE:BTCUSDT,125018.37,1759648201374,5e-05
BINANCE:BTCUSDT,125018.37,1759648201374,5e-05
BINANCE:BTCUSDT,125018.37,1759648201374,5e-05
BINANCE:BTCUSDT,125018.37,1759648201374,5e-05
BINANCE:BTCUSDT,125018.37,1759648201374,4e-05
BINANCE:BTCUSDT,125018.37,1759648201374,4e-05
BINANCE:BTCUSDT,125018.36,1759648201374,5e-05
BINANCE:BTCUSDT,125018.36,1759648201374,5e-05
BINANCE:BTCUSDT,125018.36,1759648201374,5e-05
BINANCE:BTCUSDT,125018.36,1759648201374,5e-05
BINANCE:BTCUSDT,125018.36,1759648201374,5e-05
BINANCE:BTCUSDT,125018.36,1759648201374,5e-05
BINANCE:BTCUSDT,125018.36,1759648201374,5e-05
BINANCE:BTCUSDT,125018.36,1759648201374,5e-05
BINANCE:BTCUSDT,125018.36,1759648201374,5e-05
BINANCE:BTCUSDT,125018.36,1759648201374,5e-05
BINANCE:BTCUSDT,125018.36,1759648201374,5e-05
BINANCE:BTCUSDT,125018.36,1759648201374,5e-05
BINANCE:BTCUSDT,125018.36,1759648201374,5e-05
BINANCE:BTCUSDT,125018.36,1759648201374,5e-05
BINANCE:BTCUSDT,125018.36,1759648201374,5e-05
BINANCE:BTCUSDT,125018,1759648201404,0.00012
BINANCE:BTCUSDT,125018,1759648201404,0.001
BINANCE:BTCUSDT,125018,1759648201404,0.0002
BINANCE:BTCUSDT,125018,1759648201404,5e-05
BINANCE:BTCUSDT,125018,1759648201404,5e-05
BINANCE:BTCUSDT,125018,1759648201404,5e-05
BINANCE:BTCUSDT,125018,1759648201404,5e-05
BINANCE:BTCUSDT,125018,1759648201404,5e-05
BINANCE:BTCUSDT,125018,1759648201404,5e-05
BINANCE:BTCUSDT,125018,1759648201404,5e-05
BINANCE:BTCUSDT,125018,1759648201404,5e-05
BINANCE:BTCUSDT,125018,1759648201404,5e-05
BINANCE:BTCUSDT,125018,1759648201404,5e-05
BINANCE:BTCUSDT,125018,1759648201404,5e-05
BINANCE:BTCUSDT,125018,1759648201404,5e-05
BINANCE:BTCUSDT,125018,1759648201404,5e-05
BINANCE:BTCUSDT,125018,1759648201404,5e-05
BINANCE:BTCUSDT,125018,1759648201404,5e-05
BINANCE:BTCUSDT,125018,1759648201404,5e-05
BINANCE:BTCUSDT,125018,1759648201404,5e-05
BINANCE:BTCUSDT,125018,1759648201404,5e-05
BINANCE:BTCUSDT,125018,1759648201404,5e-05
BINANCE:BTCUSDT,125018,1759648201404,5e-05
BINANCE:BTCUSDT,125018,1759648201404,5e-05
BINANCE:BTCUSDT,125018,1759648201404,5e-05
BINANCE:BTCUSDT,125018,1759648201404,5e-05
BINANCE:BTCUSDT,125017.99,1759648201405,5e-05
BINANCE:BTCUSDT,125017.99,1759648201405,5e-05
BINANCE:BTCUSDT,125017.99,1759648201405,5e-05
BINANCE:BTCUSDT,125017.99,1759648201405,5e-05
BINANCE:BTCUSDT,125017.99,1759648201405,5e-05
BINANCE:BTCUSDT,125017.99,1759648201405,5e-05
BINANCE:BTCUSDT,125017.99,1759648201405,5e-05
BINANCE:BTCUSDT,125017.99,1759648201405,5e-05
BINANCE:BTCUSDT,125017.99,1759648201405,5e-05
BINANCE:BTCUSDT,125017.99,1759648201405,5e-05
BINANCE:BTCUSDT,125017.99,1759648201405,5e-05
BINANCE:BTCUSDT,125017.99,1759648201405,5e-05
BINANCE:BTCUSDT,125017.99,1759648201405,5e-05
BINANCE:BTCUSDT,125017.99,1759648201405,5e-05
BINANCE:BTCUSDT,125017.99,1759648201405,5e-05
BINANCE:BTCUSDT,125017.99,1759648201405,5e-05
BINANCE:BTCUSDT,125017.99,1759648201405,5e-05
BINANCE:BTCUSDT,125017.99,1759648201405,5e-05
BINANCE:BTCUSDT,125016.37,1759648201405,4e-05
BINANCE:BTCUSDT,125016.37,1759648201405,4e-05
BINANCE:BTCUSDT,125016.37,1759648201405,4e-05
BINANCE:BTCUSDT,125016.12,1759648201405,9e-05
BINANCE:BTCUSDT,125016.08,1759648201407,6e-05
BINANCE:BTCUSDT,125016,1759648201407,0.00012
BINANCE:BTCUSDT,125016,1759648201407,0.00061
BINANCE:BTCUSDT,125016,1759648201416,0.00039
BINANCE:BTCUSDT,125016,1759648201416,0.0002
BINANCE:BTCUSDT,125016,1759648201416,4e-05
BINANCE:BTCUSDT,125016,1759648201416,5e-05
BINANCE:BTCUSDT,125016,1759648201416,5e-05
BINANCE:BTCUSDT,125016,1759648201416,5e-05
BINANCE:BTCUSDT,125016,1759648201416,5e-05
BINANCE:BTCUSDT,125016,1759648201416,5e-05
BINANCE:BTCUSDT,125016,1759648201416,5e-05
BINANCE:BTCUSDT,125016,1759648201416,5e-05
BINANCE:BTCUSDT,125016,1759648201416,5e-05
BINANCE:BTCUSDT,125016,1759648201416,5e-05
BINANCE:BTCUSDT,125016,1759648201416,5e-05
BINANCE:BTCUSDT,125016,1759648201416,5e-05
BINANCE:BTCUSDT,125016,1759648201416,5e-05
BINANCE:BTCUSDT,125016,1759648201416,5e-05
BINANCE:BTCUSDT,125016,1759648201416,5e-05
BINANCE:BTCUSDT,125016,1759648201416,5e-05
BINANCE:BTCUSDT,125016,1759648201416,5e-05
BINANCE:BTCUSDT,125016,1759648201416,5e-05
BINANCE:BTCUSDT,125016,1759648201416,5e-05
BINANCE:BTCUSDT,125016,1759648201416,4e-05
BINANCE:BTCUSDT,125016,1759648201416,4e-05
BINANCE:BTCUSDT,125015.99,1759648201416,5e-05
BINANCE:BTCUSDT,125015.99,1759648201416,5e-05
BINANCE:BTCUSDT,125015.99,1759648201416,5e-05
BINANCE:BTCUSDT,125015.99,1759648201416,5e-05
BINANCE:BTCUSDT,125015.99,1759648201416,5e-05
BINANCE:BTCUSDT,125015.99,1759648201416,5e-05
BINANCE:BTCUSDT,125015.99,1759648201416,5e-05
BINANCE:BTCUSDT,125015.99,1759648201416,5e-05
BINANCE:BTCUSDT,125015.99,1759648201416,5e-05
BINANCE:BTCUSDT,125015.99,1759648201416,5e-05
BINANCE:BTCUSDT,125015.99,1759648201416,5e-05
BINANCE:BTCUSDT,125015.99,1759648201416,5e-05
BINANCE:BTCUSDT,125015.99,1759648201416,5e-05
BINANCE:BTCUSDT,125015.99,1759648201416,5e-05
BINANCE:BTCUSDT,125015.99,1759648201416,5e-05
BINANCE:BTCUSDT,125015.99,1759648201416,5e-05
BINANCE:BTCUSDT,125015.99,1759648201416,5e-05
BINANCE:BTCUSDT,125015.99,1759648201416,5e-05
BINANCE:BTCUSDT,125015.08,1759648201420,0.003
BINANCE:BTCUSDT,125015.08,1759648201420,4e-05
BINANCE:BTCUSDT,125015.08,1759648201420,5e-05
BINANCE:BTCUSDT,125015.08,1759648201420,5e-05
BINANCE:BTCUSDT,125015.08,1759648201420,5e-05
BINANCE:BTCUSDT,125015.08,1759648201420,5e-05
BINANCE:BTCUSDT,125015.08,1759648201420,5e-05
BINANCE:BTCUSDT,125015.08,1759648201420,5e-05
BINANCE:BTCUSDT,125015.08,1759648201420,5e-05
BINANCE:BTCUSDT,125015.08,1759648201420,5e-05
BINANCE:BTCUSDT,125015.08,1759648201420,5e-05
BINANCE:BTCUSDT,125015.08,1759648201420,5e-05
BINANCE:BTCUSDT,125015.08,1759648201420,5e-05
BINANCE:BTCUSDT,125015.08,1759648201420,5e-05
BINANCE:BTCUSDT,125015.08,1759648201420,5e-05
BINANCE:BTCUSDT,125015.08,1759648201420,5e-05
BINANCE:BTCUSDT,125015.08,1759648201420,4e-05
BINANCE:BTCUSDT,125015.08,1759648201420,4e-05
BINANCE:BTCUSDT,125015.07,1759648201420,5e-05
BINANCE:BTCUSDT,125015.07,1759648201420,5e-05
BINANCE:BTCUSDT,125015.07,1759648201420,5e-05
BINANCE:BTCUSDT,125015.07,1759648201420,5e-05
BINANCE:BTCUSDT,125015.07,1759648201420,5e-05
BINANCE:BTCUSDT,125015.07,1759648201420,5e-05
BINANCE:BTCUSDT,125015.07,1759648201420,5e-05
BINANCE:BTCUSDT,125015.07,1759648201420,5e-05
BINANCE:BTCUSDT,125015.07,1759648201420,5e-05
BINANCE:BTCUSDT,125015.07,1759648201420,5e-05
BINANCE:BTCUSDT,125015.07,1759648201420,5e-05
BINANCE:BTCUSDT,125015.07,1759648201420,5e-05
BINANCE:BTCUSDT,125015.07,1759648201420,5e-05
BINANCE:BTCUSDT,125015.07,1759648201420,5e-05
BINANCE:BTCUSDT,125015.07,1759648201420,5e-05
BINANCE:BTCUSDT,125014.88,1759648201425,5e-05
BINANCE:BTCUSDT,125014.88,1759648201425,5e-05
BINANCE:BTCUSDT,125014.88,1759648201425,5e-05
BINANCE:BTCUSDT,125014.88,1759648201425,5e-05
BINANCE:BTCUSDT,125014.88,1759648201425,5e-05
BINANCE:BTCUSDT,125014.88,1759648201425,5e-05
BINANCE:BTCUSDT,125014.88,1759648201425,5e-05
BINANCE:BTCUSDT,125014.88,1759648201425,5e-05
BINANCE:BTCUSDT,125014.88,1759648201425,5e-05
BINANCE:BTCUSDT,125014.88,1759648201425,5e-05
BINANCE:BTCUSDT,125014.88,1759648201425,5e-05
BINANCE:BTCUSDT,125014.88,1759648201425,5e-05
BINANCE:BTCUSDT,125014.88,1759648201425,5e-05
BINANCE:BTCUSDT,125014.88,1759648201425,5e-05
BINANCE:BTCUSDT,125014.88,1759648201425,5e-05
BINANCE:BTCUSDT,125014.88,1759648201425,5e-05
BINANCE:BTCUSDT,125014.88,1759648201425,5e-05
BINANCE:BTCUSDT,125014.88,1759648201425,5e-05
BINANCE:BTCUSDT,125014.88,1759648201425,5e-05
BINANCE:BTCUSDT,125014.88,1759648201425,5e-05
BINANCE:BTCUSDT,125014.88,1759648201425,5e-05
BINANCE:BTCUSDT,125014.87,1759648201425,5e-05
BINANCE:BTCUSDT,125014.87,1759648201425,5e-05
BINANCE:BTCUSDT,125014.87,1759648201425,5e-05
BINANCE:BTCUSDT,125014.87,1759648201425,5e-05
BINANCE:BTCUSDT,125014.87,1759648201425,5e-05
BINANCE:BTCUSDT,125014.87,1759648201425,5e-05
BINANCE:BTCUSDT,125014.87,1759648201425,5e-05
BINANCE:BTCUSDT,125014.87,1759648201425,5e-05
BINANCE:BTCUSDT,125014.87,1759648201425,5e-05
BINANCE:BTCUSDT,125014.87,1759648201425,5e-05
BINANCE:BTCUSDT,125014.87,1759648201425,5e-05
BINANCE:BTCUSDT,125014.87,1759648201425,5e-05
BINANCE:BTCUSDT,125014.87,1759648201425,5e-05
BINANCE:BTCUSDT,125014.87,1759648201425,5e-05
BINANCE:BTCUSDT,125014.87,1759648201425,5e-05
BINANCE:BTCUSDT,125014.87,1759648201425,5e-05
BINANCE:BTCUSDT,125014.48,1759648201425,9e-05
BINANCE:BTCUSDT,125014.48,1759648201425,5e-05
BINANCE:BTCUSDT,125014,1759648201425,0.00012
BINANCE:BTCUSDT,125014,1759648201425,0.001
BINANCE:BTCUSDT,125014,1759648201425,0.0002
BINANCE:BTCUSDT,125013.27,1759648201425,4e-05
BINANCE:BTCUSDT,125013.27,1759648201425,4e-05
BINANCE:BTCUSDT,125013.27,1759648201425,4e-05
BINANCE:BTCUSDT,125013.24,1759648201425,4e-05
BINANCE:BTCUSDT,125012.62,1759648201457,9e-05
BINANCE:BTCUSDT,125012.62,1759648201457,5e-05
BINANCE:BTCUSDT,125012.62,1759648201457,5e-05
BINANCE:BTCUSDT,125012.62,1759648201457,5e-05
BINANCE:BTCUSDT,125012.62,1759648201457,5e-05
BINANCE:BTCUSDT,125012.62,1759648201457,5e-05
BINANCE:BTCUSDT,125012.62,1759648201457,5e-05
BINANCE:BTCUSDT,125012.62,1759648201457,5e-05
BINANCE:BTCUSDT,125012.62,1759648201457,5e-05
BINANCE:BTCUSDT,125012.62,1759648201457,5e-05
BINANCE:BTCUSDT,125012.62,1759648201457,5e-05
BINANCE:BTCUSDT,125012.62,1759648201457,5e-05
BINANCE:BTCUSDT,125012.62,1759648201457,5e-05
BINANCE:BTCUSDT,125012.62,1759648201457,5e-05
BINANCE:BTCUSDT,125012.62,1759648201457,5e-05
BINANCE:BTCUSDT,125012.62,1759648201457,5e-05
BINANCE:BTCUSDT,125012.62,1759648201457,5e-05
BINANCE:BTCUSDT,125012.62,1759648201457,5e-05
BINANCE:BTCUSDT,125012.62,1759648201457,5e-05
BINANCE:BTCUSDT,125012.62,1759648201457,5e-05
BINANCE:BTCUSDT,125012.62,1759648201457,5e-05
BINANCE:BTCUSDT,125012.62,1759648201457,4e-05
BINANCE:BTCUSDT,125012.62,1759648201457,5e-05
BINANCE:BTCUSDT,125012.62,1759648201457,5e-05
BINANCE:BTCUSDT,125012.62,1759648201457,4e-05
BINANCE:BTCUSDT,125012.62,1759648201457,4e-05
BINANCE:BTCUSDT,125012.61,1759648201457,5e-05
BINANCE:BTCUSDT,125012.61,1759648201457,5e-05
BINANCE:BTCUSDT,125012.61,1759648201457,5e-05
BINANCE:BTCUSDT,125012.61,1759648201457,5e-05
BINANCE:BTCUSDT,125012.61,1759648201457,5e-05
BINANCE:BTCUSDT,125012.61,1759648201457,5e-05
BINANCE:BTCUSDT,125012.61,1759648201457,5e-05
BINANCE:BTCUSDT,125012.61,1759648201457,5e-05
BINANCE:BTCUSDT,125012.61,1759648201457,5e-05
BINANCE:BTCUSDT,125012.61,1759648201457,5e-05
BINANCE:BTCUSDT,125012.61,1759648201457,5e-05
BINANCE:BTCUSDT,125012.61,1759648201457,5e-05
BINANCE:BTCUSDT,125012.61,1759648201457,5e-05
BINANCE:BTCUSDT,125012.61,1759648201457,5e-05
BINANCE:BTCUSDT,125012.61,1759648201457,5e-05
BINANCE:BTCUSDT,125012.61,1759648201457,5e-05
BINANCE:BTCUSDT,125012.61,1759648201457,5e-05
BINANCE:BTCUSDT,125012.61,1759648201457,5e-05
BINANCE:BTCUSDT,125012.35,1759648201457,5e-05
BINANCE:BTCUSDT,125012,1759648201457,0.00012
BINANCE:BTCUSDT,125012,1759648201457,0.001
BINANCE:BTCUSDT,125012,1759648201457,0.0002
BINANCE:BTCUSDT,125012,1759648201457,5e-05
BINANCE:BTCUSDT,125011.21,1759648201457,5e-05
BINANCE:BTCUSDT,125010.39,1759648201473,4e-05
BINANCE:BTCUSDT,125010.39,1759648201473,5e-05
BINANCE:BTCUSDT,125010.39,1759648201473,5e-05
BINANCE:BTCUSDT,125010.39,1759648201473,5e-05
BINANCE:BTCUSDT,125010.39,1759648201473,5e-05
BINANCE:BTCUSDT,125010.39,1759648201473,5e-05
BINANCE:BTCUSDT,125010.39,1759648201473,5e-05
BINANCE:BTCUSDT,125010.39,1759648201473,5e-05
BINANCE:BTCUSDT,125010.39,1759648201473,5e-05
BINANCE:BTCUSDT,125010.39,1759648201473,5e-05
BINANCE:BTCUSDT,125010.39,1759648201473,5e-05
BINANCE:BTCUSDT,125010.39,1759648201473,5e-05
BINANCE:BTCUSDT,125010.39,1759648201473,5e-05
BINANCE:BTCUSDT,125010.39,1759648201473,5e-05
BINANCE:BTCUSDT,125010.39,1759648201473,5e-05
BINANCE:BTCUSDT,125010.39,1759648201473,5e-05
BINANCE:BTCUSDT,125010.39,1759648201473,5e-05
BINANCE:BTCUSDT,125010.39,1759648201473,5e-05
BINANCE:BTCUSDT,125010.39,1759648201473,5e-05
BINANCE:BTCUSDT,125010.39,1759648201473,5e-05
BINANCE:BTCUSDT,125010.39,1759648201473,5e-05
BINANCE:BTCUSDT,125010.39,1759648201473,5e-05
BINANCE:BTCUSDT,125010.39,1759648201473,5e-05
BINANCE:BTCUSDT,125010.39,1759648201473,4e-05
BINANCE:BTCUSDT,125010.39,1759648201473,4e-05
BINANCE:BTCUSDT,125010.38,1759648201473,5e-05
BINANCE:BTCUSDT,125010.38,1759648201473,5e-05
BINANCE:BTCUSDT,125010.38,1759648201473,5e-05
BINANCE:BTCUSDT,125010.38,1759648201473,5e-05
BINANCE:BTCUSDT,125010.38,1759648201473,5e-05
BINANCE:BTCUSDT,125010.38,1759648201473,5e-05
BINANCE:BTCUSDT,125010.38,1759648201473,5e-05
BINANCE:BTCUSDT,125010.38,1759648201473,5e-05
BINANCE:BTCUSDT,125010.38,1759648201473,5e-05
BINANCE:BTCUSDT,125010.38,1759648201473,5e-05
BINANCE:BTCUSDT,125010.38,1759648201473,5e-05
BINANCE:BTCUSDT,125010.38,1759648201473,5e-05
BINANCE:BTCUSDT,125010.38,1759648201473,5e-05
BINANCE:BTCUSDT,125010.38,1759648201473,5e-05
BINANCE:BTCUSDT,125010.38,1759648201473,5e-05
BINANCE:BTCUSDT,125010.38,1759648201473,5e-05
BINANCE:BTCUSDT,125010.38,1759648201473,5e-05
BINANCE:BTCUSDT,125010.38,1759648201473,5e-05
BINANCE:BTCUSDT,125010,1759648201473,0.001
BINANCE:BTCUSDT,125010,1759648201473,0.00012
BINANCE:BTCUSDT,125010,1759648201473,0.0002
BINANCE:BTCUSDT,125010,1759648201473,5e-05
BINANCE:BTCUSDT,125009.62,1759648201487,4e-05
BINANCE:BTCUSDT,125009.62,1759648201487,5e-05
BINANCE:BTCUSDT,125009.62,1759648201487,5e-05
BINANCE:BTCUSDT,125009.62,1759648201487,5e-05
BINANCE:BTCUSDT,125009.62,1759648201487,5e-05
BINANCE:BTCUSDT,125009.62,1759648201487,5e-05
BINANCE:BTCUSDT,125009.62,1759648201487,5e-05
BINANCE:BTCUSDT,125009.62,1759648201487,5e-05
BINANCE:BTCUSDT,125009.62,1759648201487,5e-05
BINANCE:BTCUSDT,125009.62,1759648201487,5e-05
BINANCE:BTCUSDT,125009.62,1759648201487,5e-05
BINANCE:BTCUSDT,125009.62,1759648201487,5e-05
BINANCE:BTCUSDT,125009.62,1759648201487,5e-05
BINANCE:BTCUSDT,125009.62,1759648201487,5e-05
BINANCE:BTCUSDT,125009.62,1759648201487,5e-05
BINANCE:BTCUSDT,125009.62,1759648201487,5e-05
BINANCE:BTCUSDT,125009.62,1759648201487,5e-05
BINANCE:BTCUSDT,125009.62,1759648201487,5e-05
BINANCE:BTCUSDT,125009.62,1759648201487,5e-05
BINANCE:BTCUSDT,125009.62,1759648201487,5e-05
BINANCE:BTCUSDT,125009.62,1759648201487,5e-05
BINANCE:BTCUSDT,125009.62,1759648201487,5e-05
BINANCE:BTCUSDT,125009.62,1759648201487,5e-05
BINANCE:BTCUSDT,125009.62,1759648201487,4e-05
BINANCE:BTCUSDT,125009.62,1759648201487,4e-05
BINANCE:BTCUSDT,125009.61,1759648201487,5e-05
BINANCE:BTCUSDT,125009.61,1759648201487,5e-05
BINANCE:BTCUSDT,125009.61,1759648201487,5e-05
BINANCE:BTCUSDT,125009.61,1759648201487,5e-05
BINANCE:BTCUSDT,125009.61,1759648201487,5e-05
BINANCE:BTCUSDT,125009.61,1759648201487,5e-05
BINANCE:BTCUSDT,125009.61,1759648201487,5e-05
BINANCE:BTCUSDT,125009.61,1759648201487,5e-05
BINANCE:BTCUSDT,125009.61,1759648201487,5e-05
BINANCE:BTCUSDT,125009.61,1759648201487,5e-05
BINANCE:BTCUSDT,125009.61,1759648201487,5e-05
BINANCE:BTCUSDT,125009.61,1759648201487,5e-05
BINANCE:BTCUSDT,125009.61,1759648201487,5e-05
BINANCE:BTCUSDT,125009.61,1759648201487,5e-05
BINANCE:BTCUSDT,125009.61,1759648201487,5e-05
BINANCE:BTCUSDT,125009.61,1759648201487,5e-05
BINANCE:BTCUSDT,125009.61,1759648201487,5e-05
BINANCE:BTCUSDT,125009.61,1759648201487,5e-05
BINANCE:BTCUSDT,125009.35,1759648201487,9e-05
BINANCE:BTCUSDT,125009.22,1759648201487,5e-05
BINANCE:BTCUSDT,125008.44,1759648201517,4e-05
BINANCE:BTCUSDT,125008.44,1759648201517,5e-05
BINANCE:BTCUSDT,125008.44,1759648201517,5e-05
BINANCE:BTCUSDT,125008.44,1759648201517,5e-05
BINANCE:BTCUSDT,125008.44,1759648201517,5e-05
BINANCE:BTCUSDT,125008.44,1759648201517,5e-05
BINANCE:BTCUSDT,125008.44,1759648201517,5e-05
BINANCE:BTCUSDT,125008.44,1759648201517,5e-05
BINANCE:BTCUSDT,125008.44,1759648201517,5e-05
BINANCE:BTCUSDT,125008.44,1759648201517,5e-05
BINANCE:BTCUSDT,125008.44,1759648201517,5e-05
BINANCE:BTCUSDT,125008.44,1759648201517,5e-05
BINANCE:BTCUSDT,125008.44,1759648201517,5e-05
BINANCE:BTCUSDT,125008.44,1759648201517,5e-05
BINANCE:BTCUSDT,125008.44,1759648201517,5e-05
BINANCE:BTCUSDT,125008.44,1759648201517,5e-05
BINANCE:BTCUSDT,125008.44,1759648201517,5e-05
BINANCE:BTCUSDT,125008.44,1759648201517,5e-05
BINANCE:BTCUSDT,125008.44,1759648201517,5e-05
BINANCE:BTCUSDT,125008.44,1759648201517,5e-05
BINANCE:BTCUSDT,125008.44,1759648201517,5e-05
BINANCE:BTCUSDT,125008.44,1759648201517,5e-05
BINANCE:BTCUSDT,125008.44,1759648201517,5e-05
BINANCE:BTCUSDT,125008.44,1759648201517,5e-05
BINANCE:BTCUSDT,125008.44,1759648201517,5e-05
BINANCE:BTCUSDT,125008.44,1759648201517,5e-05
BINANCE:BTCUSDT,125008.44,1759648201517,4e-05
BINANCE:BTCUSDT,125008.44,1759648201517,4e-05
BINANCE:BTCUSDT,125008.43,1759648201517,5e-05
BINANCE:BTCUSDT,125008.43,1759648201517,5e-05
BINANCE:BTCUSDT,125008.43,1759648201517,5e-05
BINANCE:BTCUSDT,125008.43,1759648201517,5e-05
BINANCE:BTCUSDT,125008.43,1759648201517,5e-05
BINANCE:BTCUSDT,125008.43,1759648201517,5e-05
BINANCE:BTCUSDT,125008.43,1759648201517,5e-05
BINANCE:BTCUSDT,125008.43,1759648201517,5e-05
BINANCE:BTCUSDT,125008.43,1759648201517,5e-05
BINANCE:BTCUSDT,125008.43,1759648201517,5e-05
BINANCE:BTCUSDT,125008.43,1759648201517,5e-05
BINANCE:BTCUSDT,125008.43,1759648201517,5e-05
BINANCE:BTCUSDT,125008.43,1759648201517,5e-05
BINANCE:BTCUSDT,125008.43,1759648201517,5e-05
BINANCE:BTCUSDT,125008.43,1759648201517,5e-05
BINANCE:BTCUSDT,125008.43,1759648201517,5e-05
BINANCE:BTCUSDT,125008.43,1759648201517,5e-05
BINANCE:BTCUSDT,125008.43,1759648201517,5e-05
BINANCE:BTCUSDT,125008.43,1759648201517,5e-05
BINANCE:BTCUSDT,125008.3,1759648201517,5e-05
BINANCE:BTCUSDT,125008,1759648201517,0.001
BINANCE:BTCUSDT,125008,1759648201517,0.00012
BINANCE:BTCUSDT,125008,1759648201517,0.0002
BINANCE:BTCUSDT,125007.54,1759648201517,5e-05
BINANCE:BTCUSDT,125007.12,1759648201517,4e-05
BINANCE:BTCUSDT,125007.02,1759648201517,5e-05
BINANCE:BTCUSDT,125007.02,1759648201517,5e-05
BINANCE:BTCUSDT,125007.02,1759648201517,5e-05
BINANCE:BTCUSDT,125007.01,1759648201580,5e-05
BINANCE:BTCUSDT,125007.01,1759648202246,5e-05
BINANCE:BTCUSDT,125007.01,1759648202380,5e-05
BINANCE:BTCUSDT,125007.01,1759648202380,5e-05
BINANCE:BTCUSDT,125007.01,1759648202380,5e-05
BINANCE:BTCUSDT,125007.01,1759648202380,5e-05
BINANCE:BTCUSDT,125007.01,1759648202380,0.0004
BINANCE:BTCUSDT,125007.01,1759648202380,5e-05
BINANCE:BTCUSDT,125007.01,1759648202380,5e-05
BINANCE:BTCUSDT,125007.01,1759648202380,5e-05
BINANCE:BTCUSDT,125007.01,1759648202380,0.04801
BINANCE:BTCUSDT,125007.01,1759648202380,5e-05
BINANCE:BTCUSDT,125007.01,1759648202380,5e-05
BINANCE:BTCUSDT,125007.01,1759648202380,0.04796
BINANCE:BTCUSDT,125007.01,1759648202380,0.00199
BINANCE:BTCUSDT,125007.01,1759648202380,4e-05
BINANCE:BTCUSDT,125007.01,1759648202380,5e-05
BINANCE:BTCUSDT,125007.01,1759648202380,5e-05
BINANCE:BTCUSDT,125007.01,1759648202380,5e-05
BINANCE:BTCUSDT,125007.01,1759648202380,5e-05
BINANCE:BTCUSDT,125007.01,1759648202380,5e-05
BINANCE:BTCUSDT,125007.01,1759648202380,5e-05
BINANCE:BTCUSDT,125007.01,1759648202380,5e-05
BINANCE:BTCUSDT,125007.01,1759648202380,0.00322
BINANCE:BTCUSDT,125007.01,1759648202380,0.00109
BINANCE:BTCUSDT,125007.01,1759648202380,0.00056
BINANCE:BTCUSDT,125007.01,1759648202380,5e-05
BINANCE:BTCUSDT,125007.01,1759648202380,5e-05
BINANCE:BTCUSDT,125007.01,1759648202380,5e-05
BINANCE:BTCUSDT,125007.01,1759648202380,5e-05
BINANCE:BTCUSDT,125007.01,1759648202380,5e-05
BINANCE:BTCUSDT,125007.01,1759648202380,5e-05
BINANCE:BTCUSDT,125007.01,1759648202380,5e-05
BINANCE:BTCUSDT,125007.01,1759648202380,5e-05
BINANCE:BTCUSDT,125007.01,1759648202380,5e-05
BINANCE:BTCUSDT,125007.01,1759648202380,4e-05
BINANCE:BTCUSDT,125007.01,1759648202380,4e-05
BINANCE:BTCUSDT,125007,1759648202380,5e-05
BINANCE:BTCUSDT,125007,1759648202380,5e-05
BINANCE:BTCUSDT,125007,1759648202380,5e-05
BINANCE:BTCUSDT,125007,1759648202380,5e-05
BINANCE:BTCUSDT,125007,1759648202380,5e-05
BINANCE:BTCUSDT,125007,1759648202380,5e-05
BINANCE:BTCUSDT,125007,1759648202380,5e-05
BINANCE:BTCUSDT,125007,1759648202380,0.001
BINANCE:BTCUSDT,125007,1759648202380,0.001
BINANCE:BTCUSDT,125007,1759648202380,0.001
BINANCE:BTCUSDT,125007,1759648202380,0.001
BINANCE:BTCUSDT,125007,1759648202380,5e-05
BINANCE:BTCUSDT,125007,1759648202380,5e-05
BINANCE:BTCUSDT,125007,1759648202380,5e-05
BINANCE:BTCUSDT,125007,1759648202380,5e-05
BINANCE:BTCUSDT,125007,1759648202380,5e-05
BINANCE:BTCUSDT,125007,1759648202380,5e-05
BINANCE:BTCUSDT,125007,1759648202380,5e-05
BINANCE:BTCUSDT,125007,1759648202380,5e-05
BINANCE:BTCUSDT,125007,1759648202380,5e-05
BINANCE:BTCUSDT,125007,1759648202380,5e-05
BINANCE:BTCUSDT,125006.67,1759648202382,5e-05
BINANCE:BTCUSDT,125006.67,1759648202382,5e-05
BINANCE:BTCUSDT,125006.67,1759648202382,5e-05
BINANCE:BTCUSDT,125006.12,1759648202382,4e-05
BINANCE:BTCUSDT,125006.12,1759648202382,4e-05
BINANCE:BTCUSDT,125006.12,1759648202382,4e-05
BINANCE:BTCUSDT,125006,1759648202386,0.001
BINANCE:BTCUSDT,125006,1759648202386,0.00012
BINANCE:BTCUSDT,125006,1759648202386,0.0002
BINANCE:BTCUSDT,125006,1759648202386,4e-05
BINANCE:BTCUSDT,125006,1759648202386,5e-05
BINANCE:BTCUSDT,125006,1759648202386,5e-05
BINANCE:BTCUSDT,125006,1759648202386,5e-05
BINANCE:BTCUSDT,125006,1759648202386,5e-05
BINANCE:BTCUSDT,125006,1759648202386,5e-05
BINANCE:BTCUSDT,125006,1759648202386,5e-05
BINANCE:BTCUSDT,125006,1759648202386,5e-05
BINANCE:BTCUSDT,125006,1759648202386,5e-05
BINANCE:BTCUSDT,125006,1759648202386,5e-05
BINANCE:BTCUSDT,125006,1759648202386,5e-05
BINANCE:BTCUSDT,125006,1759648202386,5e-05
BINANCE:BTCUSDT,125006,1759648202386,5e-05
BINANCE:BTCUSDT,125006,1759648202386,5e-05
BINANCE:BTCUSDT,125006,1759648202386,5e-05
BINANCE:BTCUSDT,125006,1759648202386,5e-05
BINANCE:BTCUSDT,125006,1759648202386,5e-05
BINANCE:BTCUSDT,125006,1759648202386,5e-05
BINANCE:BTCUSDT,125006,1759648202386,5e-05
BINANCE:BTCUSDT,125006,1759648202386,5e-05
BINANCE:BTCUSDT,125006,1759648202386,5e-05
BINANCE:BTCUSDT,125006,1759648202386,5e-05
BINANCE:BTCUSDT,125006,1759648202386,5e-05
BINANCE:BTCUSDT,125006,1759648202386,5e-05
BINANCE:BTCUSDT,125006,1759648202386,4e-05
BINANCE:BTCUSDT,125006,1759648202386,4e-05
BINANCE:BTCUSDT,125005.99,1759648202386,5e-05
BINANCE:BTCUSDT,125005.99,1759648202386,5e-05
BINANCE:BTCUSDT,125005.99,1759648202386,5e-05
BINANCE:BTCUSDT,125005.99,1759648202386,5e-05
BINANCE:BTCUSDT,125005.99,1759648202386,5e-05
BINANCE:BTCUSDT,125005.99,1759648202386,5e-05
BINANCE:BTCUSDT,125005.99,1759648202386,5e-05
BINANCE:BTCUSDT,125005.99,1759648202386,5e-05
BINANCE:BTCUSDT,125005.99,1759648202386,5e-05
BINANCE:BTCUSDT,125005.99,1759648202386,5e-05
BINANCE:BTCUSDT,125005.99,1759648202386,5e-05
BINANCE:BTCUSDT,125005.99,1759648202386,5e-05
BINANCE:BTCUSDT,125005.99,1759648202386,5e-05
BINANCE:BTCUSDT,125005.99,1759648202386,5e-05
BINANCE:BTCUSDT,125005.99,1759648202386,5e-05
BINANCE:BTCUSDT,125005.99,1759648202386,5e-05
BINANCE:BTCUSDT,125005.99,1759648202386,5e-05
BINANCE:BTCUSDT,125005.99,1759648202386,5e-05
BINANCE:BTCUSDT,125005.53,1759648202386,5e-05
BINANCE:BTCUSDT,125005.53,1759648202386,5e-05
BINANCE:BTCUSDT,125005.53,1759648202386,5e-05
BINANCE:BTCUSDT,125005.52,1759648202401,5e-05
BINANCE:BTCUSDT,125005.52,1759648202401,5e-05
BINANCE:BTCUSDT,125005.52,1759648202401,5e-05
BINANCE:BTCUSDT,125005.52,1759648202401,5e-05
BINANCE:BTCUSDT,125005.52,1759648202401,5e-05
BINANCE:BTCUSDT,125005.52,1759648202401,5e-05
BINANCE:BTCUSDT,125005.52,1759648202401,5e-05
BINANCE:BTCUSDT,125005.52,1759648202401,5e-05
BINANCE:BTCUSDT,125005.52,1759648202401,5e-05
BINANCE:BTCUSDT,125005.52,1759648202401,5e-05
BINANCE:BTCUSDT,125005.52,1759648202401,5e-05
BINANCE:BTCUSDT,125005.52,1759648202401,5e-05
BINANCE:BTCUSDT,125005.52,1759648202401,5e-05
BINANCE:BTCUSDT,125005.52,1759648202401,5e-05
BINANCE:BTCUSDT,125005.52,1759648202401,5e-05
BINANCE:BTCUSDT,125005.52,1759648202401,5e-05
BINANCE:BTCUSDT,125005.52,1759648202401,5e-05
BINANCE:BTCUSDT,125005.52,1759648202401,5e-05
BINANCE:BTCUSDT,125005.52,1759648202401,5e-05
BINANCE:BTCUSDT,125005.52,1759648202401,5e-05
BINANCE:BTCUSDT,125005.52,1759648202401,5e-05
BINANCE:BTCUSDT,125005.52,1759648202401,5e-05
BINANCE:BTCUSDT,125005.52,1759648202401,5e-05
BINANCE:BTCUSDT,125005.52,1759648202401,5e-05
BINANCE:BTCUSDT,125005.52,1759648202401,5e-05
BINANCE:BTCUSDT,125005.52,1759648202401,5e-05
BINANCE:BTCUSDT,125005.52,1759648202401,5e-05
BINANCE:BTCUSDT,125005.52,1759648202401,5e-05
BINANCE:BTCUSDT,125005.52,1759648202401,5e-05
BINANCE:BTCUSDT,125005.52,1759648202401,5e-05
BINANCE:BTCUSDT,125005.52,1759648202401,5e-05
BINANCE:BTCUSDT,125005.52,1759648202401,5e-05
BINANCE:BTCUSDT,125005.52,1759648202401,5e-05
BINANCE:BTCUSDT,125005.52,1759648202401,5e-05
BINANCE:BTCUSDT,125005.52,1759648202401,5e-05
BINANCE:BTCUSDT,125005.52,1759648202401,5e-05
BINANCE:BTCUSDT,125005.52,1759648202401,5e-05
BINANCE:BTCUSDT,125005.52,1759648202401,5e-05
BINANCE:BTCUSDT,125005.52,1759648202401,5e-05
BINANCE:BTCUSDT,125005.52,1759648202401,5e-05
BINANCE:BTCUSDT,125005.51,1759648202401,5e-05
BINANCE:BTCUSDT,125005.51,1759648202401,5e-05
BINANCE:BTCUSDT,125005.51,1759648202401,5e-05
BINANCE:BTCUSDT,125005.51,1759648202401,5e-05
BINANCE:BTCUSDT,125005.51,1759648202401,5e-05
BINANCE:BTCUSDT,125005.51,1759648202401,5e-05
BINANCE:BTCUSDT,125005.51,1759648202401,5e-05
BINANCE:BTCUSDT,125005.51,1759648202401,5e-05
BINANCE:BTCUSDT,125005.51,1759648202401,5e-05
BINANCE:BTCUSDT,125005.51,1759648202401,5e-05
BINANCE:BTCUSDT,125005.51,1759648202401,5e-05
BINANCE:BTCUSDT,125005.51,1759648202401,5e-05
BINANCE:BTCUSDT,125005.51,1759648202401,5e-05
BINANCE:BTCUSDT,125005.51,1759648202401,5e-05
BINANCE:BTCUSDT,125005.51,1759648202401,5e-05
BINANCE:BTCUSDT,125005.51,1759648202401,5e-05
BINANCE:BTCUSDT,125005.51,1759648202401,5e-05
BINANCE:BTCUSDT,125005.51,1759648202401,5e-05
BINANCE:BTCUSDT,125005.42,1759648202401,5e-05
BINANCE:BTCUSDT,125005.42,1759648202401,5e-05
BINANCE:BTCUSDT,125004.44,1759648202401,4e-05
BINANCE:BTCUSDT,125004.44,1759648202401,4e-05
BINANCE:BTCUSDT,125004.44,1759648202401,4e-05
BINANCE:BTCUSDT,125004,1759648202405,0.001
BINANCE:BTCUSDT,125004,1759648202405,0.00012
BINANCE:BTCUSDT,125004,1759648202405,0.0002
BINANCE:BTCUSDT,125004,1759648202405,5e-05
BINANCE:BTCUSDT,125004,1759648202405,5e-05
BINANCE:BTCUSDT,125004,1759648202405,5e-05
BINANCE:BTCUSDT,125004,1759648202405,5e-05
BINANCE:BTCUSDT,125004,1759648202405,5e-05
BINANCE:BTCUSDT,125004,1759648202405,5e-05
BINANCE:BTCUSDT,125004,1759648202405,5e-05
BINANCE:BTCUSDT,125004,1759648202405,5e-05
BINANCE:BTCUSDT,125004,1759648202405,5e-05
BINANCE:BTCUSDT,125004,1759648202405,5e-05
BINANCE:BTCUSDT,125004,1759648202405,5e-05
BINANCE:BTCUSDT,125004,1759648202405,5e-05
BINANCE:BTCUSDT,125004,1759648202405,5e-05
BINANCE:BTCUSDT,125004,1759648202405,5e-05
BINANCE:BTCUSDT,125004,1759648202405,5e-05
BINANCE:BTCUSDT,125004,1759648202405,5e-05
BINANCE:BTCUSDT,125004,1759648202405,5e-05
BINANCE:BTCUSDT,125004,1759648202405,5e-05
BINANCE:BTCUSDT,125004,1759648202405,5e-05
BINANCE:BTCUSDT,125004,1759648202405,5e-05
BINANCE:BTCUSDT,125004,1759648202405,5e-05
BINANCE:BTCUSDT,125004,1759648202405,5e-05
BINANCE:BTCUSDT,125003.99,1759648202405,5e-05
BINANCE:BTCUSDT,125003.99,1759648202405,5e-05
BINANCE:BTCUSDT,125003.99,1759648202405,5e-05
BINANCE:BTCUSDT,125003.99,1759648202405,5e-05
BINANCE:BTCUSDT,125003.99,1759648202405,5e-05
BINANCE:BTCUSDT,125003.99,1759648202405,5e-05
BINANCE:BTCUSDT,125003.99,1759648202405,5e-05
BINANCE:BTCUSDT,125003.99,1759648202405,5e-05
BINANCE:BTCUSDT,125003.99,1759648202405,5e-05
BINANCE:BTCUSDT,125003.99,1759648202405,5e-05
BINANCE:BTCUSDT,125003.99,1759648202405,5e-05
BINANCE:BTCUSDT,125003.99,1759648202405,5e-05
BINANCE:BTCUSDT,125003.99,1759648202405,5e-05
BINANCE:BTCUSDT,125003.99,1759648202405,5e-05
BINANCE:BTCUSDT,125003.99,1759648202405,5e-05
BINANCE:BTCUSDT,125003.99,1759648202405,5e-05
BINANCE:BTCUSDT,125003.99,1759648202405,5e-05
BINANCE:BTCUSDT,125003.99,1759648202405,5e-05
BINANCE:BTCUSDT,125003.87,1759648202405,5e-05
BINANCE:BTCUSDT,125003.87,1759648202405,5e-05
BINANCE:BTCUSDT,125002.98,1759648202405,4e-05
BINANCE:BTCUSDT,125002.98,1759648202405,4e-05
BINANCE:BTCUSDT,125002.98,1759648202405,4e-05
BINANCE:BTCUSDT,125002.58,1759648202416,0.0016
BINANCE:BTCUSDT,125002.58,1759648202416,4e-05
BINANCE:BTCUSDT,125002.58,1759648202416,5e-05
BINANCE:BTCUSDT,125002.58,1759648202416,5e-05
BINANCE:BTCUSDT,125002.58,1759648202416,5e-05
BINANCE:BTCUSDT,125002.58,1759648202416,5e-05
BINANCE:BTCUSDT,125002.58,1759648202416,5e-05
BINANCE:BTCUSDT,125002.58,1759648202416,5e-05
BINANCE:BTCUSDT,125002.58,1759648202416,5e-05
BINANCE:BTCUSDT,125002.58,1759648202416,5e-05
BINANCE:BTCUSDT,125002.58,1759648202416,5e-05
BINANCE:BTCUSDT,125002.58,1759648202416,5e-05
BINANCE:BTCUSDT,125002.58,1759648202416,5e-05
BINANCE:BTCUSDT,125002.58,1759648202416,5e-05
BINANCE:BTCUSDT,125002.58,1759648202416,5e-05
BINANCE:BTCUSDT,125002.58,1759648202416,5e-05
BINANCE:BTCUSDT,125002.58,1759648202416,5e-05
BINANCE:BTCUSDT,125002.58,1759648202416,5e-05
BINANCE:BTCUSDT,125002.58,1759648202416,5e-05
BINANCE:BTCUSDT,125002.58,1759648202416,5e-05
BINANCE:BTCUSDT,125002.58,1759648202416,5e-05
BINANCE:BTCUSDT,125002.58,1759648202416,5e-05
BINANCE:BTCUSDT,125002.58,1759648202416,5e-05
BINANCE:BTCUSDT,125002.58,1759648202416,5e-05
BINANCE:BTCUSDT,125002.58,1759648202416,5e-05
BINANCE:BTCUSDT,125002.58,1759648202416,4e-05
BINANCE:BTCUSDT,125002.58,1759648202416,4e-05
BINANCE:BTCUSDT,125002.57,1759648202416,5e-05
BINANCE:BTCUSDT,125002.57,1759648202416,5e-05
BINANCE:BTCUSDT,125002.57,1759648202416,5e-05
BINANCE:BTCUSDT,125002.57,1759648202416,5e-05
BINANCE:BTCUSDT,125002.57,1759648202416,5e-05
BINANCE:BTCUSDT,125002.57,1759648202416,5e-05
BINANCE:BTCUSDT,125002.57,1759648202416,5e-05
BINANCE:BTCUSDT,125002.57,1759648202416,5e-05
BINANCE:BTCUSDT,125002.57,1759648202416,5e-05
BINANCE:BTCUSDT,125002.57,1759648202416,5e-05
BINANCE:BTCUSDT,125002.57,1759648202416,5e-05
BINANCE:BTCUSDT,125002.57,1759648202416,5e-05
BINANCE:BTCUSDT,125002.57,1759648202416,5e-05
BINANCE:BTCUSDT,125002.57,1759648202416,5e-05
BINANCE:BTCUSDT,125002.57,1759648202416,5e-05
BINANCE:BTCUSDT,125002.57,1759648202416,5e-05
BINANCE:BTCUSDT,125002.57,1759648202416,5e-05
BINANCE:BTCUSDT,125002.57,1759648202416,5e-05
BINANCE:BTCUSDT,125002.57,1759648202416,5e-05
BINANCE:BTCUSDT,125002.57,1759648202416,5e-05
BINANCE:BTCUSDT,125002.02,1759648202416,5e-05
BINANCE:BTCUSDT,125002.02,1759648202416,5e-05
BINANCE:BTCUSDT,125002,1759648202416,0.001
BINANCE:BTCUSDT,125002,1759648202416,0.00012
BINANCE:BTCUSDT,125002,1759648202416,0.0002
BINANCE:BTCUSDT,125002,1759648202416,4e-05
BINANCE:BTCUSDT,125002,1759648202416,4e-05
BINANCE:BTCUSDT,125002,1759648202416,4e-05
BINANCE:BTCUSDT,125001,1759648202416,4e-05
BINANCE:BTCUSDT,125000.2,1759648202416,5e-05
BINANCE:BTCUSDT,125000.12,1759648202416,0.00048
BINANCE:BTCUSDT,125000.12,1759648202416,0.00031
BINANCE:BTCUSDT,125007.02,1759648201815,0.00539
BINANCE:BTCUSDT,125000.02,1759648202416,5e-05
BINANCE:BTCUSDT,125000.02,1759648202416,5e-05
BINANCE:BTCUSDT,125000.02,1759648202416,5e-05
BINANCE:BTCUSDT,125000.01,1759648202455,0.0018
BINANCE:BTCUSDT,125000.01,1759648202462,5e-05
BINANCE:BTCUSDT,125000.01,1759648202462,5e-05
BINANCE:BTCUSDT,125000.01,1759648202462,5e-05
BINANCE:BTCUSDT,125000.01,1759648202462,5e-05
BINANCE:BTCUSDT,125000.01,1759648202462,5e-05
BINANCE:BTCUSDT,125000.01,1759648202462,5e-05
BINANCE:BTCUSDT,125000.01,1759648202462,5e-05
BINANCE:BTCUSDT,125000.01,1759648202462,5e-05
BINANCE:BTCUSDT,125000.01,1759648202462,5e-05
BINANCE:BTCUSDT,125000.01,1759648202462,5e-05
BINANCE:BTCUSDT,125000.01,1759648202462,5e-05
BINANCE:BTCUSDT,125000.01,1759648202462,5e-05
BINANCE:BTCUSDT,125000.01,1759648202462,5e-05
BINANCE:BTCUSDT,125000.01,1759648202462,5e-05
BINANCE:BTCUSDT,125000.01,1759648202462,5e-05
BINANCE:BTCUSDT,125000.01,1759648202462,5e-05
BINANCE:BTCUSDT,125000.01,1759648202462,5e-05
BINANCE:BTCUSDT,125000.01,1759648202462,5e-05
BINANCE:BTCUSDT,125000.01,1759648202462,5e-05
BINANCE:BTCUSDT,125000.01,1759648202462,5e-05
BINANCE:BTCUSDT,125000.01,1759648202462,5e-05
BINANCE:BTCUSDT,125000.01,1759648202462,5e-05
BINANCE:BTCUSDT,125000.01,1759648202462,5e-05
BINANCE:BTCUSDT,125000.01,1759648202462,5e-05
BINANCE:BTCUSDT,125000.01,1759648202462,5e-05
BINANCE:BTCUSDT,125000.01,1759648202462,5e-05
BINANCE:BTCUSDT,125000.01,1759648202462,4e-05
BINANCE:BTCUSDT,125000.01,1759648202462,5e-05
BINANCE:BTCUSDT,125000.01,1759648202462,5e-05
BINANCE:BTCUSDT,125000.01,1759648202462,5e-05
BINANCE:BTCUSDT,125000.01,1759648202462,5e-05
BINANCE:BTCUSDT,125000.01,1759648202462,5e-05
BINANCE:BTCUSDT,125000.01,1759648202462,5e-05
BINANCE:BTCUSDT,125000.01,1759648202462,5e-05
BINANCE:BTCUSDT,125000.01,1759648202462,5e-05
BINANCE:BTCUSDT,125000.01,1759648202462,5e-05
BINANCE:BTCUSDT,125000.01,1759648202462,5e-05
BINANCE:BTCUSDT,125000.01,1759648202462,5e-05
BINANCE:BTCUSDT,125000.01,1759648202462,5e-05
BINANCE:BTCUSDT,125000.01,1759648202462,5e-05
BINANCE:BTCUSDT,125000.01,1759648202462,5e-05
BINANCE:BTCUSDT,125000.01,1759648202462,5e-05
BINANCE:BTCUSDT,125000.01,1759648202462,5e-05
BINANCE:BTCUSDT,125000.01,1759648202462,4e-05
BINANCE:BTCUSDT,125000.01,1759648202462,4e-05
BINANCE:BTCUSDT,125000,1759648202706,4e-05
BINANCE:BTCUSDT,125000,1759648202706,0.00039
BINANCE:BTCUSDT,125000,1759648202916,0.00054
BINANCE:BTCUSDT,124996.5,1759648203917,0.00016
BINANCE:BTCUSDT,124996,1759648203917,0.001
BINANCE:BTCUSDT,124996,1759648203917,0.0002
BINANCE:BTCUSDT,124996,1759648203917,0.00012
BINANCE:BTCUSDT,124995.4,1759648203917,0.00016
BINANCE:BTCUSDT,124994.88,1759648203917,5e-05
BINANCE:BTCUSDT,124994.53,1759648203917,5e-05
BINANCE:BTCUSDT,124994.5,1759648203917,0.0004
BINANCE:BTCUSDT,124994.2,1759648203917,5e-05
BINANCE:BTCUSDT,124994.2,1759648203917,5e-05
BINANCE:BTCUSDT,124994.2,1759648203917,5e-05
BINANCE:BTCUSDT,125000,1759648203668,7e-05
BINANCE:BTCUSDT,125000,1759648203668,0.0002
BINANCE:BTCUSDT,125000,1759648203668,5e-05
BINANCE:BTCUSDT,124994.04,1759648203933,5e-05
BINANCE:BTCUSDT,125000.01,1759648203710,0.0001
BINANCE:BTCUSDT,124994.04,1759648203933,5e-05
BINANCE:BTCUSDT,124994.04,1759648203933,5e-05
BINANCE:BTCUSDT,124994.04,1759648203933,5e-05
BINANCE:BTCUSDT,124994.04,1759648203933,5e-05
BINANCE:BTCUSDT,124994.04,1759648203933,5e-05
BINANCE:BTCUSDT,124994.04,1759648203933,5e-05
BINANCE:BTCUSDT,124994.04,1759648203933,5e-05
BINANCE:BTCUSDT,124994.04,1759648203933,5e-05
BINANCE:BTCUSDT,124994.04,1759648203933,5e-05
BINANCE:BTCUSDT,124994.04,1759648203933,5e-05
BINANCE:BTCUSDT,124994.04,1759648203933,5e-05
BINANCE:BTCUSDT,124994.04,1759648203933,5e-05
BINANCE:BTCUSDT,124994.04,1759648203933,5e-05
BINANCE:BTCUSDT,124994.04,1759648203933,5e-05
BINANCE:BTCUSDT,124994.04,1759648203933,5e-05
BINANCE:BTCUSDT,124994.04,1759648203933,5e-05
BINANCE:BTCUSDT,124994.04,1759648203933,5e-05
BINANCE:BTCUSDT,124994.04,1759648203933,5e-05
BINANCE:BTCUSDT,124994.04,1759648203933,5e-05
BINANCE:BTCUSDT,124994.04,1759648203933,5e-05
BINANCE:BTCUSDT,124994.04,1759648203933,5e-05
BINANCE:BTCUSDT,124994.04,1759648203933,5e-05
BINANCE:BTCUSDT,124994.03,1759648203933,5e-05
BINANCE:BTCUSDT,124994.03,1759648203933,5e-05
BINANCE:BTCUSDT,124994.03,1759648203933,5e-05
BINANCE:BTCUSDT,124994.03,1759648203933,5e-05
BINANCE:BTCUSDT,124994.03,1759648203933,5e-05
BINANCE:BTCUSDT,124994.03,1759648203933,5e-05
BINANCE:BTCUSDT,124994.03,1759648203933,5e-05
BINANCE:BTCUSDT,124994.03,1759648203933,5e-05
BINANCE:BTCUSDT,124994.03,1759648203933,5e-05
BINANCE:BTCUSDT,124994.03,1759648203933,5e-05
BINANCE:BTCUSDT,124994.03,1759648203933,5e-05
BINANCE:BTCUSDT,124994.03,1759648203933,5e-05
BINANCE:BTCUSDT,124994.03,1759648203933,5e-05
BINANCE:BTCUSDT,124994.03,1759648203933,5e-05
BINANCE:BTCUSDT,124994.03,1759648203933,5e-05
BINANCE:BTCUSDT,124994.03,1759648203933,5e-05
BINANCE:BTCUSDT,124994.03,1759648203933,5e-05
BINANCE:BTCUSDT,124994.03,1759648203933,5e-05
BINANCE:BTCUSDT,124994,1759648203967,9e-05
BINANCE:BTCUSDT,124994,1759648203975,0.00091
BINANCE:BTCUSDT,124994,1759648203975,0.0002
BINANCE:BTCUSDT,124994,1759648203975,0.00012
BINANCE:BTCUSDT,124994,1759648203975,5e-05
BINANCE:BTCUSDT,124994,1759648203975,0.00039
BINANCE:BTCUSDT,124994,1759648203975,5e-05
BINANCE:BTCUSDT,124994,1759648203975,5e-05
BINANCE:BTCUSDT,124994,1759648203975,5e-05
BINANCE:BTCUSDT,124994,1759648203975,5e-05
BINANCE:BTCUSDT,124994,1759648203975,5e-05
BINANCE:BTCUSDT,124994,1759648203975,5e-05
BINANCE:BTCUSDT,124994,1759648203975,5e-05
BINANCE:BTCUSDT,124994,1759648203975,5e-05
BINANCE:BTCUSDT,124994,1759648203975,5e-05
BINANCE:BTCUSDT,124994,1759648203975,5e-05
BINANCE:BTCUSDT,124994,1759648203975,5e-05
BINANCE:BTCUSDT,124994,1759648203975,5e-05
BINANCE:BTCUSDT,124994,1759648203975,5e-05
BINANCE:BTCUSDT,124994,1759648203975,5e-05
BINANCE:BTCUSDT,124994,1759648203975,5e-05
BINANCE:BTCUSDT,124994,1759648203975,5e-05
BINANCE:BTCUSDT,124994,1759648203975,5e-05
BINANCE:BTCUSDT,124994,1759648203975,5e-05
BINANCE:BTCUSDT,124994,1759648203975,5e-05
BINANCE:BTCUSDT,124994,1759648203975,5e-05
BINANCE:BTCUSDT,124994,1759648203975,5e-05
BINANCE:BTCUSDT,124994,1759648203975,5e-05
BINANCE:BTCUSDT,124994,1759648203975,5e-05
BINANCE:BTCUSDT,124994,1759648203975,5e-05
BINANCE:BTCUSDT,124994,1759648203975,5e-05
BINANCE:BTCUSDT,124993.99,1759648203975,5e-05
BINANCE:BTCUSDT,124993.99,1759648203975,5e-05
BINANCE:BTCUSDT,124993.99,1759648203975,5e-05
BINANCE:BTCUSDT,124993.99,1759648203975,5e-05
BINANCE:BTCUSDT,124993.99,1759648203975,5e-05
BINANCE:BTCUSDT,124993.99,1759648203975,5e-05
BINANCE:BTCUSDT,124993.99,1759648203975,5e-05
BINANCE:BTCUSDT,124993.99,1759648203975,5e-05
BINANCE:BTCUSDT,124993.99,1759648203975,5e-05
BINANCE:BTCUSDT,124993.99,1759648203975,5e-05
BINANCE:BTCUSDT,124993.99,1759648203975,5e-05
BINANCE:BTCUSDT,124993.99,1759648203975,5e-05
BINANCE:BTCUSDT,124993.99,1759648203975,5e-05
BINANCE:BTCUSDT,124993.99,1759648203975,5e-05
BINANCE:BTCUSDT,124993.99,1759648203975,5e-05
BINANCE:BTCUSDT,124993.99,1759648203975,5e-05
BINANCE:BTCUSDT,124993.99,1759648203975,5e-05
BINANCE:BTCUSDT,124993.99,1759648203975,5e-05
BINANCE:BTCUSDT,124993.9,1759648203975,5e-05
BINANCE:BTCUSDT,124993.9,1759648203975,5e-05
BINANCE:BTCUSDT,125000,1759648203805,0.00027
BINANCE:BTCUSDT,125000,1759648203805,8e-05
BINANCE:BTCUSDT,125000,1759648203805,0.00012
BINANCE:BTCUSDT,125000,1759648203805,0.00081
BINANCE:BTCUSDT,125000,1759648203805,4e-05
BINANCE:BTCUSDT,125000,1759648203805,5e-05
BINANCE:BTCUSDT,125000,1759648203805,5e-05
BINANCE:BTCUSDT,125000,1759648203805,5e-05
BINANCE:BTCUSDT,125000,1759648203805,5e-05
BINANCE:BTCUSDT,125000,1759648203805,5e-05
BINANCE:BTCUSDT,125000,1759648203805,5e-05
BINANCE:BTCUSDT,125000,1759648203805,5e-05
BINANCE:BTCUSDT,125000,1759648203805,5e-05
BINANCE:BTCUSDT,125000,1759648203805,5e-05
BINANCE:BTCUSDT,125000,1759648203805,5e-05
BINANCE:BTCUSDT,125000,1759648203805,5e-05
BINANCE:BTCUSDT,125000,1759648203805,5e-05
BINANCE:BTCUSDT,125000,1759648203805,5e-05
BINANCE:BTCUSDT,125000,1759648203805,5e-05
BINANCE:BTCUSDT,125000,1759648203805,5e-05
BINANCE:BTCUSDT,125000,1759648203805,5e-05
BINANCE:BTCUSDT,125000,1759648203805,5e-05
BINANCE:BTCUSDT,125000,1759648203805,5e-05
BINANCE:BTCUSDT,125000,1759648203805,5e-05
BINANCE:BTCUSDT,125000,1759648203805,5e-05
BINANCE:BTCUSDT,125000,1759648203805,5e-05
BINANCE:BTCUSDT,125000,1759648203805,5e-05
BINANCE:BTCUSDT,125000,1759648203805,5e-05
BINANCE:BTCUSDT,125000,1759648203805,5e-05
BINANCE:BTCUSDT,125000,1759648203805,5e-05
BINANCE:BTCUSDT,125000,1759648203805,5e-05
BINANCE:BTCUSDT,125000,1759648203805,5e-05
BINANCE:BTCUSDT,125000,1759648203805,5e-05
BINANCE:BTCUSDT,125000,1759648203805,5e-05
BINANCE:BTCUSDT,125000,1759648203805,5e-05
BINANCE:BTCUSDT,125000,1759648203805,5e-05
BINANCE:BTCUSDT,125000,1759648203805,0.04801
BINANCE:BTCUSDT,125000,1759648203805,0.04795
BINANCE:BTCUSDT,125000,1759648203805,0.04796
BINANCE:BTCUSDT,125000,1759648203805,5e-05
BINANCE:BTCUSDT,125000,1759648203805,5e-05
BINANCE:BTCUSDT,125000,1759648203805,0.04796
BINANCE:BTCUSDT,125000,1759648203805,0.0168
BINANCE:BTCUSDT,125000,1759648203805,0.03121
BINANCE:BTCUSDT,125000,1759648203805,0.04796
BINANCE:BTCUSDT,125000,1759648203805,0.00167
BINANCE:BTCUSDT,125000,1759648203805,0.001
BINANCE:BTCUSDT,125000,1759648203805,0.001
BINANCE:BTCUSDT,125000,1759648203805,0.001
BINANCE:BTCUSDT,125000,1759648203805,0.001
BINANCE:BTCUSDT,125000,1759648203805,0.01934
BINANCE:BTCUSDT,125000,1759648203839,0.02861
BINANCE:BTCUSDT,125000,1759648203839,5e-05
BINANCE:BTCUSDT,125000,1759648203839,5e-05
BINANCE:BTCUSDT,125000,1759648203839,5e-05
BINANCE:BTCUSDT,125000,1759648203839,5e-05
BINANCE:BTCUSDT,125000,1759648203839,0.00133
BINANCE:BTCUSDT,125000,1759648203839,5e-05
BINANCE:BTCUSDT,125000,1759648203839,5e-05
BINANCE:BTCUSDT,125000,1759648203839,0.00028
BINANCE:BTCUSDT,125000,1759648203839,0.00104
BINANCE:BTCUSDT,125000,1759648203839,0.00057
BINANCE:BTCUSDT,125000,1759648203839,5e-05
BINANCE:BTCUSDT,125000,1759648203839,4e-05
BINANCE:BTCUSDT,125000,1759648203839,5e-05
BINANCE:BTCUSDT,125000,1759648203839,0.00085
BINANCE:BTCUSDT,125000,1759648203839,0.001
BINANCE:BTCUSDT,125000,1759648203839,4e-05
BINANCE:BTCUSDT,125000,1759648203839,5e-05
BINANCE:BTCUSDT,125000,1759648203839,5e-05
BINANCE:BTCUSDT,125000,1759648203839,5e-05
BINANCE:BTCUSDT,125000,1759648203839,5e-05
BINANCE:BTCUSDT,125000,1759648203839,0.001
BINANCE:BTCUSDT,125000,1759648203839,0.001
BINANCE:BTCUSDT,125000,1759648203839,0.001
BINANCE:BTCUSDT,125000,1759648203839,0.001
BINANCE:BTCUSDT,125000,1759648203839,0.00112
BINANCE:BTCUSDT,125000,1759648203839,5e-05
BINANCE:BTCUSDT,125000,1759648203839,5e-05
BINANCE:BTCUSDT,125000,1759648203839,5e-05
BINANCE:BTCUSDT,125000,1759648203839,5e-05
BINANCE:BTCUSDT,125000,1759648203839,5e-05
BINANCE:BTCUSDT,125000,1759648203839,5e-05
BINANCE:BTCUSDT,125000,1759648203839,5e-05
BINANCE:BTCUSDT,125000,1759648203839,5e-05
BINANCE:BTCUSDT,125000,1759648203839,5e-05
BINANCE:BTCUSDT,125000,1759648203839,5e-05
BINANCE:BTCUSDT,125000,1759648203839,5e-05
BINANCE:BTCUSDT,125000,1759648203839,5e-05
BINANCE:BTCUSDT,125000,1759648203839,4e-05
BINANCE:BTCUSDT,125000,1759648203839,4e-05
BINANCE:BTCUSDT,125000,1759648203839,4e-05
BINANCE:BTCUSDT,124999.99,1759648203839,5e-05
BINANCE:BTCUSDT,124999.99,1759648203839,5e-05
BINANCE:BTCUSDT,124999.99,1759648203839,5e-05
BINANCE:BTCUSDT,124999.99,1759648203839,5e-05
BINANCE:BTCUSDT,124999.99,1759648203839,5e-05
BINANCE:BTCUSDT,124999.99,1759648203839,5e-05
BINANCE:BTCUSDT,124999.99,1759648203839,5e-05
BINANCE:BTCUSDT,124999.99,1759648203839,5e-05
BINANCE:BTCUSDT,124999.99,1759648203839,5e-05
BINANCE:BTCUSDT,124999.99,1759648203839,5e-05
BINANCE:BTCUSDT,124999.99,1759648203839,5e-05
BINANCE:BTCUSDT,124999.99,1759648203839,5e-05
BINANCE:BTCUSDT,124999.99,1759648203839,5e-05
BINANCE:BTCUSDT,124999.99,1759648203839,5e-05
BINANCE:BTCUSDT,124999.99,1759648203839,5e-05
BINANCE:BTCUSDT,124999.99,1759648203839,5e-05
BINANCE:BTCUSDT,124999.99,1759648203839,5e-05
BINANCE:BTCUSDT,124999.91,1759648203839,2e-05
BINANCE:BTCUSDT,124999.91,1759648203841,7e-05
BINANCE:BTCUSDT,124999.29,1759648203841,9e-05
BINANCE:BTCUSDT,124999.18,1759648203841,5e-05
BINANCE:BTCUSDT,124998.51,1759648203916,5e-05
BINANCE:BTCUSDT,124998.51,1759648203916,0.04799
BINANCE:BTCUSDT,124998.51,1759648203916,5e-05
BINANCE:BTCUSDT,124998.51,1759648203916,5e-05
BINANCE:BTCUSDT,124998.51,1759648203916,5e-05
BINANCE:BTCUSDT,124998.51,1759648203916,5e-05
BINANCE:BTCUSDT,124998.51,1759648203916,5e-05
BINANCE:BTCUSDT,124998.51,1759648203916,5e-05
BINANCE:BTCUSDT,124998.51,1759648203916,5e-05
BINANCE:BTCUSDT,124998.51,1759648203916,5e-05
BINANCE:BTCUSDT,124998.51,1759648203916,5e-05
BINANCE:BTCUSDT,124998.51,1759648203916,5e-05
BINANCE:BTCUSDT,124998.51,1759648203916,5e-05
BINANCE:BTCUSDT,124998.51,1759648203916,5e-05
BINANCE:BTCUSDT,124998.51,1759648203916,5e-05
BINANCE:BTCUSDT,124998.51,1759648203916,5e-05
BINANCE:BTCUSDT,124998.51,1759648203916,5e-05
BINANCE:BTCUSDT,124998.51,1759648203916,5e-05
BINANCE:BTCUSDT,124998.51,1759648203916,5e-05
BINANCE:BTCUSDT,124998.51,1759648203916,5e-05
BINANCE:BTCUSDT,124998.51,1759648203916,0.00133
BINANCE:BTCUSDT,124998.51,1759648203916,5e-05
BINANCE:BTCUSDT,124998.51,1759648203916,5e-05
BINANCE:BTCUSDT,124998.51,1759648203916,5e-05
BINANCE:BTCUSDT,124998.51,1759648203916,5e-05
BINANCE:BTCUSDT,124998.51,1759648203916,5e-05
BINANCE:BTCUSDT,124998.51,1759648203916,5e-05
BINANCE:BTCUSDT,124998.51,1759648203916,5e-05
BINANCE:BTCUSDT,124998.51,1759648203916,5e-05
BINANCE:BTCUSDT,124998.51,1759648203916,5e-05
BINANCE:BTCUSDT,124998.5,1759648203916,5e-05
BINANCE:BTCUSDT,124998.5,1759648203916,5e-05
BINANCE:BTCUSDT,124998.5,1759648203916,5e-05
BINANCE:BTCUSDT,124998.5,1759648203916,5e-05
BINANCE:BTCUSDT,124998.5,1759648203916,5e-05
BINANCE:BTCUSDT,124998.5,1759648203916,5e-05
BINANCE:BTCUSDT,124998.5,1759648203916,5e-05
BINANCE:BTCUSDT,124998.5,1759648203916,5e-05
BINANCE:BTCUSDT,124998.5,1759648203916,5e-05
BINANCE:BTCUSDT,124998.5,1759648203916,5e-05
BINANCE:BTCUSDT,124998.5,1759648203916,5e-05
BINANCE:BTCUSDT,124998.5,1759648203916,5e-05
BINANCE:BTCUSDT,124998.5,1759648203916,5e-05
BINANCE:BTCUSDT,124998.5,1759648203916,5e-05
BINANCE:BTCUSDT,124998.51,1759648203917,5e-05
BINANCE:BTCUSDT,124998.5,1759648203917,5e-05
BINANCE:BTCUSDT,124998.5,1759648203917,5e-05
BINANCE:BTCUSDT,124998.5,1759648203917,5e-05
BINANCE:BTCUSDT,124998.5,1759648203917,5e-05
BINANCE:BTCUSDT,124998.5,1759648203917,5e-05
BINANCE:BTCUSDT,124998.5,1759648203917,5e-05
BINANCE:BTCUSDT,124998.13,1759648203917,0.0024
BINANCE:BTCUSDT,124998.13,1759648203917,5e-05
BINANCE:BTCUSDT,124998.13,1759648203917,5e-05
BINANCE:BTCUSDT,124998.13,1759648203917,5e-05
BINANCE:BTCUSDT,124998.13,1759648203917,5e-05
BINANCE:BTCUSDT,124998,1759648203917,0.001
BINANCE:BTCUSDT,124998,1759648203917,0.0002
BINANCE:BTCUSDT,124998,1759648203917,0.00012
BINANCE:BTCUSDT,124997.94,1759648203917,5e-05
BINANCE:BTCUSDT,124996.9,1759648203917,9e-05
BINANCE:BTCUSDT,124996.62,1759648203917,5e-05
BINANCE:BTCUSDT,124996.62,1759648203917,5e-05
BINANCE:BTCUSDT,124996.62,1759648203917,5e-05
BINANCE:BTCUSDT,124996.53,1759648203917,5e-05
BINANCE:BTCUSDT,124993.63,1759648204232,5e-05
BINANCE:BTCUSDT,124993.63,1759648204232,5e-05
BINANCE:BTCUSDT,124993.63,1759648204232,5e-05
BINANCE:BTCUSDT,124993.63,1759648204232,5e-05
BINANCE:BTCUSDT,124993.63,1759648204232,5e-05
BINANCE:BTCUSDT,124993.63,1759648204232,5e-05
BINANCE:BTCUSDT,124993.63,1759648204232,0.001
BINANCE:BTCUSDT,124993.63,1759648204232,0.001
BINANCE:BTCUSDT,124993.63,1759648204232,0.001
BINANCE:BTCUSDT,124993.63,1759648204232,0.001
BINANCE:BTCUSDT,124993.63,1759648204232,5e-05
BINANCE:BTCUSDT,124993.63,1759648204232,5e-05
BINANCE:BTCUSDT,124993.63,1759648204232,5e-05
BINANCE:BTCUSDT,124993.63,1759648204232,5e-05
BINANCE:BTCUSDT,124993.63,1759648204232,5e-05
BINANCE:BTCUSDT,124993.63,1759648204232,5e-05
BINANCE:BTCUSDT,124993.63,1759648204232,5e-05
BINANCE:BTCUSDT,124993.63,1759648204232,5e-05
BINANCE:BTCUSDT,124993.63,1759648204232,5e-05
BINANCE:BTCUSDT,124993.63,1759648204232,0.01125
BINANCE:BTCUSDT,124993.63,1759648204244,8e-05
BINANCE:BTCUSDT,124993.63,1759648204268,0.03599
BINANCE:BTCUSDT,124993.63,1759648204268,0.00345
BINANCE:BTCUSDT,124993.64,1759648204393,0.00011
BINANCE:BTCUSDT,124993.63,1759648204484,0.00548
BINANCE:BTCUSDT,124993.64,1759648204785,0.00095
BINANCE:BTCUSDT,124993.63,1759648205027,0.03902
BINANCE:BTCUSDT,124993.63,1759648205027,0.04801
BINANCE:BTCUSDT,124993.63,1759648205027,0.04102
BINANCE:BTCUSDT,124993.63,1759648205027,0.00693
BINANCE:BTCUSDT,124993.63,1759648205027,0.04796
BINANCE:BTCUSDT,124993.63,1759648205027,0.02222
BINANCE:BTCUSDT,124993.63,1759648205027,0.02574
BINANCE:BTCUSDT,124993.63,1759648205027,0.01428
BINANCE:BTCUSDT,124993.63,1759648205029,0.03367
BINANCE:BTCUSDT,124993.63,1759648205029,5e-05
BINANCE:BTCUSDT,124993.63,1759648205029,5e-05
BINANCE:BTCUSDT,124993.63,1759648205029,5e-05
BINANCE:BTCUSDT,124993.63,1759648205029,5e-05
BINANCE:BTCUSDT,124993.63,1759648205029,0.001
BINANCE:BTCUSDT,124993.63,1759648205029,0.001
BINANCE:BTCUSDT,124993.63,1759648205029,0.001
BINANCE:BTCUSDT,124993.63,1759648205029,0.001
BINANCE:BTCUSDT,124993.63,1759648205029,0.00022
BINANCE:BTCUSDT,124993.63,1759648205029,5e-05
BINANCE:BTCUSDT,124993.63,1759648205029,5e-05
BINANCE:BTCUSDT,124993.63,1759648205029,5e-05
BINANCE:BTCUSDT,124993.63,1759648205029,5e-05
BINANCE:BTCUSDT,124993.63,1759648205029,5e-05
BINANCE:BTCUSDT,124993.63,1759648205029,5e-05
BINANCE:BTCUSDT,124993.63,1759648205029,5e-05
BINANCE:BTCUSDT,124993.63,1759648205029,5e-05
BINANCE:BTCUSDT,124993.63,1759648205029,5e-05
BINANCE:BTCUSDT,124993.63,1759648205029,5e-05
BINANCE:BTCUSDT,124993.63,1759648205029,5e-05
BINANCE:BTCUSDT,124993.63,1759648205029,0.00133
BINANCE:BTCUSDT,124993.63,1759648205029,0.00069
BINANCE:BTCUSDT,124993.63,1759648205029,5e-05
BINANCE:BTCUSDT,124993.63,1759648205029,5e-05
BINANCE:BTCUSDT,124993.63,1759648205029,5e-05
BINANCE:BTCUSDT,124993.63,1759648205029,5e-05
BINANCE:BTCUSDT,124993.63,1759648205029,5e-05
BINANCE:BTCUSDT,124993.63,1759648205029,5e-05
BINANCE:BTCUSDT,124993.63,1759648205029,5e-05
BINANCE:BTCUSDT,124993.62,1759648205029,5e-05
BINANCE:BTCUSDT,124993.62,1759648205029,5e-05
BINANCE:BTCUSDT,124993.62,1759648205029,5e-05
BINANCE:BTCUSDT,124993.62,1759648205029,5e-05
BINANCE:BTCUSDT,124993.62,1759648205029,5e-05
BINANCE:BTCUSDT,124993.62,1759648205029,5e-05
BINANCE:BTCUSDT,124993.62,1759648205029,5e-05
BINANCE:BTCUSDT,124993.62,1759648205029,5e-05
BINANCE:BTCUSDT,124993.62,1759648205029,5e-05
BINANCE:BTCUSDT,124993.62,1759648205029,5e-05
BINANCE:BTCUSDT,124993.62,1759648205029,5e-05
BINANCE:BTCUSDT,124993.62,1759648205029,5e-05
BINANCE:BTCUSDT,124993.62,1759648205029,5e-05
BINANCE:BTCUSDT,124993.62,1759648205029,5e-05
BINANCE:BTCUSDT,124993.62,1759648205029,5e-05
BINANCE:BTCUSDT,124993.62,1759648205029,5e-05
BINANCE:BTCUSDT,124993.62,1759648205029,5e-05
BINANCE:BTCUSDT,124992.86,1759648205030,5e-05
BINANCE:BTCUSDT,124992,1759648205030,0.001
BINANCE:BTCUSDT,124992,1759648205030,0.0002
BINANCE:BTCUSDT,124992,1759648205030,0.00012
BINANCE:BTCUSDT,124992,1759648205030,5e-05
BINANCE:BTCUSDT,124992,1759648205030,5e-05
BINANCE:BTCUSDT,124992,1759648205030,5e-05
BINANCE:BTCUSDT,124991.7,1759648205030,5e-05
BINANCE:BTCUSDT,124991.6,1759648205043,5e-05
BINANCE:BTCUSDT,124991.6,1759648205043,0.00795
BINANCE:BTCUSDT,124991.6,1759648205044,0.00052
BINANCE:BTCUSDT,124991.6,1759648205044,5e-05
BINANCE:BTCUSDT,124991.6,1759648205044,5e-05
BINANCE:BTCUSDT,124991.6,1759648205044,5e-05
BINANCE:BTCUSDT,124991.6,1759648205044,5e-05
BINANCE:BTCUSDT,124991.6,1759648205044,5e-05
BINANCE:BTCUSDT,124991.6,1759648205044,5e-05
BINANCE:BTCUSDT,124991.6,1759648205044,5e-05
BINANCE:BTCUSDT,124991.6,1759648205044,5e-05
BINANCE:BTCUSDT,124991.6,1759648205044,5e-05
BINANCE:BTCUSDT,124991.6,1759648205044,5e-05
BINANCE:BTCUSDT,124991.6,1759648205044,5e-05
BINANCE:BTCUSDT,124991.6,1759648205044,5e-05
BINANCE:BTCUSDT,124991.6,1759648205044,5e-05
BINANCE:BTCUSDT,124991.6,1759648205044,5e-05
BINANCE:BTCUSDT,124991.6,1759648205044,5e-05
BINANCE:BTCUSDT,124991.6,1759648205044,5e-05
BINANCE:BTCUSDT,124991.6,1759648205044,5e-05
BINANCE:BTCUSDT,124991.6,1759648205044,5e-05
BINANCE:BTCUSDT,124991.6,1759648205044,5e-05
BINANCE:BTCUSDT,124991.6,1759648205044,5e-05
BINANCE:BTCUSDT,124991.6,1759648205044,5e-05
BINANCE:BTCUSDT,124991.6,1759648205044,5e-05
BINANCE:BTCUSDT,124991.6,1759648205044,5e-05
BINANCE:BTCUSDT,124991.6,1759648205044,5e-05
BINANCE:BTCUSDT,124991.59,1759648205044,5e-05
BINANCE:BTCUSDT,124991.59,1759648205044,5e-05
BINANCE:BTCUSDT,124991.59,1759648205044,5e-05
BINANCE:BTCUSDT,124991.59,1759648205044,5e-05
BINANCE:BTCUSDT,124991.59,1759648205044,5e-05
BINANCE:BTCUSDT,124991.59,1759648205044,5e-05
BINANCE:BTCUSDT,124991.59,1759648205044,5e-05
BINANCE:BTCUSDT,124991.59,1759648205044,5e-05
BINANCE:BTCUSDT,124991.59,1759648205044,5e-05
BINANCE:BTCUSDT,124991.59,1759648205044,5e-05
BINANCE:BTCUSDT,124991.59,1759648205044,5e-05
BINANCE:BTCUSDT,124991.59,1759648205044,5e-05
BINANCE:BTCUSDT,124991.59,1759648205044,5e-05
BINANCE:BTCUSDT,124991.59,1759648205044,5e-05
BINANCE:BTCUSDT,124991.59,1759648205044,5e-05
BINANCE:BTCUSDT,124991.59,1759648205044,5e-05
BINANCE:BTCUSDT,124991.59,1759648205044,5e-05
BINANCE:BTCUSDT,124991.59,1759648205044,5e-05
BINANCE:BTCUSDT,124991.38,1759648205044,5e-05
BINANCE:BTCUSDT,124991.38,1759648205044,5e-05
BINANCE:BTCUSDT,124991.38,1759648205044,5e-05
BINANCE:BTCUSDT,124990,1759648205049,0.001
BINANCE:BTCUSDT,124990,1759648205049,0.00012
BINANCE:BTCUSDT,124990,1759648205049,0.0002
BINANCE:BTCUSDT,124990,1759648205049,5e-05
BINANCE:BTCUSDT,124990,1759648205049,5e-05
BINANCE:BTCUSDT,124990,1759648205049,5e-05
BINANCE:BTCUSDT,124990,1759648205049,5e-05
BINANCE:BTCUSDT,124990,1759648205049,5e-05
BINANCE:BTCUSDT,124990,1759648205049,5e-05
BINANCE:BTCUSDT,124990,1759648205049,5e-05
BINANCE:BTCUSDT,124990,1759648205049,5e-05
BINANCE:BTCUSDT,124990,1759648205049,5e-05
BINANCE:BTCUSDT,124990,1759648205049,5e-05
BINANCE:BTCUSDT,124990,1759648205049,5e-05
BINANCE:BTCUSDT,124990,1759648205049,5e-05
BINANCE:BTCUSDT,124990,1759648205049,5e-05
BINANCE:BTCUSDT,124990,1759648205049,5e-05
BINANCE:BTCUSDT,124990,1759648205049,5e-05
BINANCE:BTCUSDT,124990,1759648205049,5e-05
BINANCE:BTCUSDT,124990,1759648205049,5e-05
BINANCE:BTCUSDT,124990,1759648205049,5e-05
BINANCE:BTCUSDT,124990,1759648205049,5e-05
BINANCE:BTCUSDT,124990,1759648205049,5e-05
BINANCE:BTCUSDT,124990,1759648205049,5e-05
BINANCE:BTCUSDT,124990,1759648205049,5e-05
BINANCE:BTCUSDT,124990,1759648205049,5e-05
BINANCE:BTCUSDT,124990,1759648205049,5e-05
BINANCE:BTCUSDT,124990,1759648205049,5e-05
BINANCE:BTCUSDT,124990,1759648205049,5e-05
BINANCE:BTCUSDT,124989.99,1759648205049,5e-05
BINANCE:BTCUSDT,124989.99,1759648205049,5e-05
BINANCE:BTCUSDT,124989.99,1759648205049,5e-05
BINANCE:BTCUSDT,124989.99,1759648205049,5e-05
BINANCE:BTCUSDT,124989.99,1759648205049,5e-05
BINANCE:BTCUSDT,124989.99,1759648205049,5e-05
BINANCE:BTCUSDT,124989.99,1759648205049,5e-05
BINANCE:BTCUSDT,124989.99,1759648205049,5e-05
BINANCE:BTCUSDT,124989.99,1759648205049,5e-05
BINANCE:BTCUSDT,124989.99,1759648205049,5e-05
BINANCE:BTCUSDT,124989.99,1759648205049,5e-05
BINANCE:BTCUSDT,124989.99,1759648205049,5e-05
BINANCE:BTCUSDT,124989.99,1759648205049,5e-05
BINANCE:BTCUSDT,124989.99,1759648205049,5e-05
BINANCE:BTCUSDT,124989.99,1759648205049,5e-05
BINANCE:BTCUSDT,124989.99,1759648205049,5e-05
BINANCE:BTCUSDT,124989.99,1759648205049,5e-05
BINANCE:BTCUSDT,124989.99,1759648205049,5e-05
BINANCE:BTCUSDT,124989.54,1759648205049,5e-05
BINANCE:BTCUSDT,124989.08,1759648205049,5e-05
BINANCE:BTCUSDT,124989.08,1759648205049,5e-05
BINANCE:BTCUSDT,124989.08,1759648205049,5e-05
BINANCE:BTCUSDT,124989.07,1759648205164,5e-05
BINANCE:BTCUSDT,124989.07,1759648205164,5e-05
BINANCE:BTCUSDT,124989.07,1759648205164,5e-05
BINANCE:BTCUSDT,124989.07,1759648205164,5e-05
BINANCE:BTCUSDT,124989.07,1759648205164,5e-05
BINANCE:BTCUSDT,124989.07,1759648205164,5e-05
BINANCE:BTCUSDT,124989.07,1759648205164,5e-05
BINANCE:BTCUSDT,124989.07,1759648205164,5e-05
BINANCE:BTCUSDT,124989.07,1759648205164,5e-05
BINANCE:BTCUSDT,124989.07,1759648205164,5e-05
BINANCE:BTCUSDT,124989.07,1759648205164,5e-05
BINANCE:BTCUSDT,124989.07,1759648205164,5e-05
BINANCE:BTCUSDT,124989.07,1759648205164,5e-05
BINANCE:BTCUSDT,124989.07,1759648205164,5e-05
BINANCE:BTCUSDT,124989.07,1759648205164,5e-05
BINANCE:BTCUSDT,124989.07,1759648205164,5e-05
BINANCE:BTCUSDT,124989.07,1759648205164,5e-05
BINANCE:BTCUSDT,124989.07,1759648205164,5e-05
BINANCE:BTCUSDT,124989.07,1759648205164,5e-05
BINANCE:BTCUSDT,124989.07,1759648205164,5e-05
BINANCE:BTCUSDT,124989.07,1759648205164,5e-05
BINANCE:BTCUSDT,124989.07,1759648205164,5e-05
BINANCE:BTCUSDT,124989.07,1759648205164,5e-05
BINANCE:BTCUSDT,124989.07,1759648205164,5e-05
BINANCE:BTCUSDT,124989.07,1759648205164,5e-05
BINANCE:BTCUSDT,124989.07,1759648205164,5e-05
BINANCE:BTCUSDT,124989.07,1759648205164,5e-05
BINANCE:BTCUSDT,124989.07,1759648205164,5e-05
BINANCE:BTCUSDT,124989.07,1759648205164,5e-05
BINANCE:BTCUSDT,124989.07,1759648205164,0.004
BINANCE:BTCUSDT,124989.07,1759648205164,5e-05
BINANCE:BTCUSDT,124989.07,1759648205164,5e-05
BINANCE:BTCUSDT,124989.07,1759648205164,5e-05
BINANCE:BTCUSDT,124989.07,1759648205164,5e-05
BINANCE:BTCUSDT,124989.07,1759648205164,5e-05
BINANCE:BTCUSDT,124989.07,1759648205164,5e-05
BINANCE:BTCUSDT,124989.07,1759648205164,5e-05
BINANCE:BTCUSDT,124989.07,1759648205164,5e-05
BINANCE:BTCUSDT,124989.07,1759648205164,5e-05
BINANCE:BTCUSDT,124989.07,1759648205164,5e-05
BINANCE:BTCUSDT,124989.07,1759648205164,5e-05
BINANCE:BTCUSDT,124989.07,1759648205164,5e-05
BINANCE:BTCUSDT,124989.06,1759648205179,5e-05
BINANCE:BTCUSDT,124989.06,1759648205179,5e-05
BINANCE:BTCUSDT,124989.06,1759648205179,5e-05
BINANCE:BTCUSDT,124989.06,1759648205179,5e-05
BINANCE:BTCUSDT,124989.06,1759648205179,5e-05
BINANCE:BTCUSDT,124989.06,1759648205179,5e-05
BINANCE:BTCUSDT,124989.06,1759648205179,5e-05
BINANCE:BTCUSDT,124989.06,1759648205179,5e-05
BINANCE:BTCUSDT,124989.06,1759648205179,5e-05
BINANCE:BTCUSDT,124989.06,1759648205179,5e-05
BINANCE:BTCUSDT,124989.06,1759648205179,5e-05
BINANCE:BTCUSDT,124989.06,1759648205179,5e-05
BINANCE:BTCUSDT,124989.06,1759648205179,5e-05
BINANCE:BTCUSDT,124989.06,1759648205179,5e-05
BINANCE:BTCUSDT,124989.06,1759648205179,5e-05
BINANCE:BTCUSDT,124989.06,1759648205179,5e-05
BINANCE:BTCUSDT,124989.06,1759648205179,5e-05
BINANCE:BTCUSDT,124989.06,1759648205179,5e-05
BINANCE:BTCUSDT,124989.06,1759648205179,5e-05
BINANCE:BTCUSDT,124989.06,1759648205179,5e-05
BINANCE:BTCUSDT,124989.06,1759648205179,5e-05
BINANCE:BTCUSDT,124989.06,1759648205179,5e-05
BINANCE:BTCUSDT,124989.06,1759648205179,5e-05
BINANCE:BTCUSDT,124989.06,1759648205179,5e-05
BINANCE:BTCUSDT,124989.06,1759648205179,5e-05
BINANCE:BTCUSDT,124989.06,1759648205179,5e-05
BINANCE:BTCUSDT,124989.06,1759648205179,5e-05
BINANCE:BTCUSDT,124989.06,1759648205179,5e-05
BINANCE:BTCUSDT,124989.06,1759648205179,5e-05
BINANCE:BTCUSDT,124989.06,1759648205179,5e-05
BINANCE:BTCUSDT,124989.06,1759648205179,5e-05
BINANCE:BTCUSDT,124989.06,1759648205179,5e-05
BINANCE:BTCUSDT,124989.06,1759648205179,5e-05
BINANCE:BTCUSDT,124989.06,1759648205179,5e-05
BINANCE:BTCUSDT,124989.06,1759648205179,5e-05
BINANCE:BTCUSDT,124989.06,1759648205179,5e-05
BINANCE:BTCUSDT,124989.06,1759648205179,5e-05
BINANCE:BTCUSDT,124989.06,1759648205179,5e-05
BINANCE:BTCUSDT,124989.06,1759648205179,5e-05
BINANCE:BTCUSDT,124989.06,1759648205179,5e-05
BINANCE:BTCUSDT,124989.05,1759648205179,5e-05
BINANCE:BTCUSDT,124989.05,1759648205179,5e-05
BINANCE:BTCUSDT,124989.05,1759648205179,5e-05
BINANCE:BTCUSDT,124989.05,1759648205179,5e-05
BINANCE:BTCUSDT,124989.05,1759648205179,5e-05
BINANCE:BTCUSDT,124989.05,1759648205179,5e-05
BINANCE:BTCUSDT,124989.05,1759648205179,5e-05
BINANCE:BTCUSDT,124989.05,1759648205179,5e-05
BINANCE:BTCUSDT,124989.05,1759648205179,5e-05
BINANCE:BTCUSDT,124989.05,1759648205179,5e-05
BINANCE:BTCUSDT,124989.05,1759648205179,5e-05
BINANCE:BTCUSDT,124989.05,1759648205179,5e-05
BINANCE:BTCUSDT,124989.05,1759648205179,5e-05
BINANCE:BTCUSDT,124989.05,1759648205179,5e-05
BINANCE:BTCUSDT,124989.05,1759648205179,5e-05
BINANCE:BTCUSDT,124989.05,1759648205179,5e-05
BINANCE:BTCUSDT,124989.05,1759648205179,5e-05
BINANCE:BTCUSDT,124989.05,1759648205179,5e-05
BINANCE:BTCUSDT,124988.76,1759648205179,5e-05
BINANCE:BTCUSDT,124988.76,1759648205179,5e-05
BINANCE:BTCUSDT,124988.14,1759648205179,5e-05
BINANCE:BTCUSDT,124988.14,1759648205179,5e-05
BINANCE:BTCUSDT,124988.14,1759648205179,5e-05
BINANCE:BTCUSDT,124988,1759648205216,0.001
BINANCE:BTCUSDT,124988,1759648205216,0.00012
BINANCE:BTCUSDT,124988,1759648205216,0.0002
BINANCE:BTCUSDT,124988,1759648205216,5e-05
BINANCE:BTCUSDT,124988,1759648205216,5e-05
BINANCE:BTCUSDT,124988,1759648205216,5e-05
BINANCE:BTCUSDT,124988,1759648205216,5e-05
BINANCE:BTCUSDT,124988,1759648205216,5e-05
