Symbol,Price,Time,Volume
BINANCE:BTCUSDT,111964.49,1760205228506,0.00447
BINANCE:BTCUSDT,111964.48,1760205229306,0.08469
BINANCE:BTCUSDT,111964.48,1760205229306,0.0001
BINANCE:BTCUSDT,111964.48,1760205229306,0.00809
BINANCE:BTCUSDT,111964.48,1760205229306,0.00134
BINANCE:BTCUSDT,111964.48,1760205229306,0.00044
BINANCE:BTCUSDT,111964.48,1760205229306,0.29443
BINANCE:BTCUSDT,111964.48,1760205229306,0.0267
BINANCE:BTCUSDT,111964.48,1760205229306,0.05356
BINANCE:BTCUSDT,111964.48,1760205229306,0.00069
BINANCE:BTCUSDT,111964.48,1760205229306,0.0007
BINANCE:BTCUSDT,111964.48,1760205229306,0.00012
BINANCE:BTCUSDT,111964.48,1760205229306,0.00099
BINANCE:BTCUSDT,111964.48,1760205229306,0.04158
BINANCE:BTCUSDT,111964.48,1760205229306,0.00667
BINANCE:BTCUSDT,111964.48,1760205229306,5e-05
BINANCE:BTCUSDT,111964.48,1760205229306,5e-05
BINANCE:BTCUSDT,111964.48,1760205229306,5e-05
BINANCE:BTCUSDT,111964.48,1760205229306,5e-05
BINANCE:BTCUSDT,111964.48,1760205229306,5e-05
BINANCE:BTCUSDT,111964.48,1760205229306,5e-05
BINANCE:BTCUSDT,111964.48,1760205229306,5e-05
BINANCE:BTCUSDT,111964.48,1760205229306,5e-05
BINANCE:BTCUSDT,111964.48,1760205229306,5e-05
BINANCE:BTCUSDT,111964.48,1760205229306,5e-05
BINANCE:BTCUSDT,111964.48,1760205229306,5e-05
BINANCE:BTCUSDT,111964.48,1760205229306,5e-05
BINANCE:BTCUSDT,111964.48,1760205229306,5e-05
BINANCE:BTCUSDT,111964.48,1760205229306,5e-05
BINANCE:BTCUSDT,111964.48,1760205229306,5e-05
BINANCE:BTCUSDT,111964.48,1760205229306,0.0001
BINANCE:BTCUSDT,111964.48,1760205229306,5e-05
BINANCE:BTCUSDT,111964.48,1760205229306,5e-05
BINANCE:BTCUSDT,111964.48,1760205229306,5e-05
BINANCE:BTCUSDT,111964.48,1760205229306,0.00022
BINANCE:BTCUSDT,111964.48,1760205229306,0.01076
BINANCE:BTCUSDT,111964.48,1760205229306,5e-05
BINANCE:BTCUSDT,111964.48,1760205229306,5e-05
BINANCE:BTCUSDT,111964.48,1760205229306,0.00178
BINANCE:BTCUSDT,111964.48,1760205229306,0.00021
BINANCE:BTCUSDT,111964.48,1760205229306,5e-05
BINANCE:BTCUSDT,111964.48,1760205229306,5e-05
BINANCE:BTCUSDT,111964.48,1760205229306,5e-05
BINANCE:BTCUSDT,111964.48,1760205229306,5e-05
BINANCE:BTCUSDT,111964.48,1760205229306,5e-05
BINANCE:BTCUSDT,111964.48,1760205229306,5e-05
BINANCE:BTCUSDT,111964.48,1760205229306,0.04333
BINANCE:BTCUSDT,111964.48,1760205229306,5e-05
BINANCE:BTCUSDT,111964.48,1760205229306,5e-05
BINANCE:BTCUSDT,111964.47,1760205229306,0.0001
BINANCE:BTCUSDT,111964.47,1760205229306,5e-05
BINANCE:BTCUSDT,111964.47,1760205229306,5e-05
BINANCE:BTCUSDT,111964.47,1760205229306,5e-05
BINANCE:BTCUSDT,111964.47,1760205229306,5e-05
BINANCE:BTCUSDT,111964.47,1760205229306,5e-05
BINANCE:BTCUSDT,111964.47,1760205229306,5e-05
BINANCE:BTCUSDT,111964.47,1760205229306,5e-05
BINANCE:BTCUSDT,111964.47,1760205229306,5e-05
BINANCE:BTCUSDT,111964.47,1760205229306,5e-05
BINANCE:BTCUSDT,111964.47,1760205229306,5e-05
BINANCE:BTCUSDT,111964.47,1760205229306,5e-05
BINANCE:BTCUSDT,111964.47,1760205229306,0.0001
BINANCE:BTCUSDT,111964.47,1760205229306,5e-05
BINANCE:BTCUSDT,111964.47,1760205229306,5e-05
BINANCE:BTCUSDT,111964.47,1760205229306,5e-05
BINANCE:BTCUSDT,111964.47,1760205229306,5e-05
BINANCE:BTCUSDT,111964.47,1760205229306,5e-05
BINANCE:BTCUSDT,111964.47,1760205229306,5e-05
BINANCE:BTCUSDT,111964.47,1760205229306,5e-05
BINANCE:BTCUSDT,111964.47,1760205229306,5e-05
BINANCE:BTCUSDT,111964.47,1760205229306,5e-05
BINANCE:BTCUSDT,111964.47,1760205229306,5e-05
BINANCE:BTCUSDT,111964.46,1760205229306,0.0001
BINANCE:BTCUSDT,111964.46,1760205229306,0.0001
BINANCE:BTCUSDT,111964.38,1760205229306,0.0001
BINANCE:BTCUSDT,111964.32,1760205229306,0.00893
BINANCE:BTCUSDT,111964.32,1760205229306,5e-05
BINANCE:BTCUSDT,111964.32,1760205229306,0.0001
BINANCE:BTCUSDT,111964.32,1760205229306,0.0001
BINANCE:BTCUSDT,111964.32,1760205229306,5e-05
BINANCE:BTCUSDT,111964.32,1760205229306,5e-05
BINANCE:BTCUSDT,111964.31,1760205229306,0.0001
BINANCE:BTCUSDT,111964.31,1760205229306,0.0001
BINANCE:BTCUSDT,111964.09,1760205229306,5e-05
BINANCE:BTCUSDT,111964.09,1760205229306,0.0134
BINANCE:BTCUSDT,111964.09,1760205229306,5e-05
BINANCE:BTCUSDT,111964.09,1760205229306,5e-05
BINANCE:BTCUSDT,111964.09,1760205229306,5e-05
BINANCE:BTCUSDT,111964.08,1760205229306,0.0001
BINANCE:BTCUSDT,111962.25,1760205229307,0.00357
BINANCE:BTCUSDT,111962.25,1760205229307,5e-05
BINANCE:BTCUSDT,111962.25,1760205229307,5e-05
BINANCE:BTCUSDT,111962.25,1760205229307,5e-05
BINANCE:BTCUSDT,111962.24,1760205229307,0.0001
BINANCE:BTCUSDT,111961.59,1760205229307,5e-05
BINANCE:BTCUSDT,111961.59,1760205229307,5e-05
BINANCE:BTCUSDT,111961.59,1760205229307,5e-05
BINANCE:BTCUSDT,111961.58,1760205229307,0.32121
BINANCE:BTCUSDT,111961.58,1760205229307,5e-05
BINANCE:BTCUSDT,111960.84,1760205229307,5e-05
BINANCE:BTCUSDT,111960.84,1760205229307,5e-05
BINANCE:BTCUSDT,111960.84,1760205229307,5e-05
BINANCE:BTCUSDT,111960.57,1760205229307,0.00536
BINANCE:BTCUSDT,111960.15,1760205229307,5e-05
BINANCE:BTCUSDT,111960.15,1760205229307,5e-05
BINANCE:BTCUSDT,111960.15,1760205229307,5e-05
BINANCE:BTCUSDT,111960.14,1760205229307,0.0332
BINANCE:BTCUSDT,111960.14,1760205229307,5e-05
BINANCE:BTCUSDT,111960.14,1760205229307,5e-05
BINANCE:BTCUSDT,111960.14,1760205229307,5e-05
BINANCE:BTCUSDT,111960.14,1760205229307,5e-05
BINANCE:BTCUSDT,111960,1760205229307,5e-05
BINANCE:BTCUSDT,111959.28,1760205229308,0.01212
BINANCE:BTCUSDT,111959.28,1760205229308,0.0012
BINANCE:BTCUSDT,111964.48,1760205229042,0.05188
BINANCE:BTCUSDT,111964.49,1760205229092,0.00301
BINANCE:BTCUSDT,111959.28,1760205229309,0.00716
BINANCE:BTCUSDT,111959.28,1760205229309,5e-05
BINANCE:BTCUSDT,111959.28,1760205229309,5e-05
BINANCE:BTCUSDT,111959.28,1760205229309,5e-05
BINANCE:BTCUSDT,111959.28,1760205229309,5e-05
BINANCE:BTCUSDT,111959.28,1760205229309,5e-05
BINANCE:BTCUSDT,111959.28,1760205229309,5e-05
BINANCE:BTCUSDT,111959.28,1760205229309,5e-05
BINANCE:BTCUSDT,111958.5,1760205229309,5e-05
BINANCE:BTCUSDT,111958.34,1760205229309,5e-05
BINANCE:BTCUSDT,111958.34,1760205229309,5e-05
BINANCE:BTCUSDT,111958.33,1760205229309,0.01786
BINANCE:BTCUSDT,111957,1760205229309,0.01
BINANCE:BTCUSDT,111957,1760205229309,5e-05
BINANCE:BTCUSDT,111957,1760205229309,5e-05
BINANCE:BTCUSDT,111957,1760205229309,5e-05
BINANCE:BTCUSDT,111957,1760205229309,5e-05
BINANCE:BTCUSDT,111956.1,1760205229309,5e-05
BINANCE:BTCUSDT,111956.1,1760205229309,5e-05
BINANCE:BTCUSDT,111956.1,1760205229309,5e-05
BINANCE:BTCUSDT,111956.09,1760205229309,5e-05
BINANCE:BTCUSDT,111956.09,1760205229309,5e-05
BINANCE:BTCUSDT,111956.09,1760205229309,5e-05
BINANCE:BTCUSDT,111956.08,1760205229309,0.00038
BINANCE:BTCUSDT,111956.08,1760205229309,0.18836
BINANCE:BTCUSDT,111956.08,1760205229310,0.13248
BINANCE:BTCUSDT,111956.08,1760205229310,0.02326
BINANCE:BTCUSDT,111956.08,1760205229310,0.29796
BINANCE:BTCUSDT,111956.08,1760205229310,0.01646
BINANCE:BTCUSDT,111956.08,1760205229312,0.01788
BINANCE:BTCUSDT,111956.08,1760205229313,0.00044
BINANCE:BTCUSDT,111956,1760205229313,0.014
BINANCE:BTCUSDT,111956,1760205229313,0.01562
BINANCE:BTCUSDT,111956,1760205229313,5e-05
BINANCE:BTCUSDT,111956,1760205229313,5e-05
BINANCE:BTCUSDT,111956,1760205229313,5e-05
BINANCE:BTCUSDT,111955.82,1760205229313,0.00011
BINANCE:BTCUSDT,111955.82,1760205229313,0.01628
BINANCE:BTCUSDT,111954.56,1760205229314,5e-05
BINANCE:BTCUSDT,111954.56,1760205229314,5e-05
BINANCE:BTCUSDT,111954.56,1760205229314,5e-05
BINANCE:BTCUSDT,111954.18,1760205229314,5e-05
BINANCE:BTCUSDT,111954.18,1760205229314,5e-05
BINANCE:BTCUSDT,111954.18,1760205229314,5e-05
BINANCE:BTCUSDT,111954.04,1760205229314,5e-05
BINANCE:BTCUSDT,111954.04,1760205229314,5e-05
BINANCE:BTCUSDT,111954.04,1760205229314,5e-05
BINANCE:BTCUSDT,111953.65,1760205229314,5e-05
BINANCE:BTCUSDT,111953.59,1760205229314,0.00357
BINANCE:BTCUSDT,111953.59,1760205229314,5e-05
BINANCE:BTCUSDT,111953.59,1760205229314,5e-05
BINANCE:BTCUSDT,111953.59,1760205229314,5e-05
BINANCE:BTCUSDT,111953.31,1760205229314,7e-05
BINANCE:BTCUSDT,111953.28,1760205229314,8e-05
BINANCE:BTCUSDT,111953.28,1760205229314,0.003
BINANCE:BTCUSDT,111953.28,1760205229314,0.00744
BINANCE:BTCUSDT,111953.29,1760205229316,0.02944
BINANCE:BTCUSDT,111953.28,1760205229316,0.01929
BINANCE:BTCUSDT,111953.28,1760205229316,5e-05
BINANCE:BTCUSDT,111953.28,1760205229316,5e-05
BINANCE:BTCUSDT,111953.28,1760205229316,5e-05
BINANCE:BTCUSDT,111952.44,1760205229316,5e-05
BINANCE:BTCUSDT,111951.92,1760205229316,0.17845
BINANCE:BTCUSDT,111951.3,1760205229316,5e-05
BINANCE:BTCUSDT,111951.3,1760205229316,5e-05
BINANCE:BTCUSDT,111951.3,1760205229316,5e-05
BINANCE:BTCUSDT,111951.18,1760205229316,0.00326
BINANCE:BTCUSDT,111951.18,1760205229316,5e-05
BINANCE:BTCUSDT,111951.18,1760205229316,5e-05
BINANCE:BTCUSDT,111951.18,1760205229316,5e-05
BINANCE:BTCUSDT,111950.42,1760205229316,0.0001
BINANCE:BTCUSDT,111950.31,1760205229316,0.00073
BINANCE:BTCUSDT,111950.3,1760205229316,5e-05
BINANCE:BTCUSDT,111949.92,1760205229316,0.07692
BINANCE:BTCUSDT,111949.92,1760205229317,0.01147
BINANCE:BTCUSDT,111949.65,1760205229321,0.00069
BINANCE:BTCUSDT,111949.53,1760205229321,5e-05
BINANCE:BTCUSDT,111949.21,1760205229321,5e-05
BINANCE:BTCUSDT,111949.21,1760205229321,5e-05
BINANCE:BTCUSDT,111949.21,1760205229321,5e-05
BINANCE:BTCUSDT,111949.2,1760205229321,5e-05
BINANCE:BTCUSDT,111949.2,1760205229321,5e-05
BINANCE:BTCUSDT,111949.2,1760205229321,5e-05
BINANCE:BTCUSDT,111948.01,1760205229325,5e-05
BINANCE:BTCUSDT,111948.01,1760205229325,5e-05
BINANCE:BTCUSDT,111948.01,1760205229325,5e-05
BINANCE:BTCUSDT,111948.01,1760205229325,5e-05
BINANCE:BTCUSDT,111948.01,1760205229325,5e-05
BINANCE:BTCUSDT,111948.01,1760205229325,5e-05
BINANCE:BTCUSDT,111948,1760205229325,0.06021
BINANCE:BTCUSDT,111948,1760205229325,5e-05
BINANCE:BTCUSDT,111948,1760205229325,5e-05
BINANCE:BTCUSDT,111948,1760205229325,5e-05
BINANCE:BTCUSDT,111947.99,1760205229325,0.0001
BINANCE:BTCUSDT,111947.68,1760205229325,5e-05
BINANCE:BTCUSDT,111947.68,1760205229325,5e-05
BINANCE:BTCUSDT,111947.68,1760205229325,5e-05
BINANCE:BTCUSDT,111947.67,1760205229325,0.02079
BINANCE:BTCUSDT,111947.67,1760205229325,0.00602
BINANCE:BTCUSDT,111947.67,1760205229325,5e-05
BINANCE:BTCUSDT,111947.67,1760205229325,5e-05
BINANCE:BTCUSDT,111947.67,1760205229325,5e-05
BINANCE:BTCUSDT,111947.66,1760205229325,0.0001
BINANCE:BTCUSDT,111946.95,1760205229325,5e-05
BINANCE:BTCUSDT,111946.89,1760205229325,5e-05
BINANCE:BTCUSDT,111946.89,1760205229325,5e-05
BINANCE:BTCUSDT,111946.89,1760205229325,5e-05
BINANCE:BTCUSDT,111946.88,1760205229325,0.00534
BINANCE:BTCUSDT,111946.88,1760205229326,0.05686
BINANCE:BTCUSDT,111946.88,1760205229326,5e-05
BINANCE:BTCUSDT,111946.88,1760205229326,5e-05
BINANCE:BTCUSDT,111946.88,1760205229326,5e-05
BINANCE:BTCUSDT,111946.38,1760205229326,5e-05
BINANCE:BTCUSDT,111946.09,1760205229326,0.00111
BINANCE:BTCUSDT,111946.09,1760205229326,5e-05
BINANCE:BTCUSDT,111946.09,1760205229326,5e-05
BINANCE:BTCUSDT,111946.09,1760205229326,5e-05
BINANCE:BTCUSDT,111945.45,1760205229326,0.00338
BINANCE:BTCUSDT,111945.45,1760205229326,5e-05
BINANCE:BTCUSDT,111945.45,1760205229326,5e-05
BINANCE:BTCUSDT,111945.45,1760205229326,5e-05
BINANCE:BTCUSDT,111945.21,1760205229326,0.00578
BINANCE:BTCUSDT,111945.21,1760205229326,5e-05
BINANCE:BTCUSDT,111945.21,1760205229326,5e-05
BINANCE:BTCUSDT,111945.21,1760205229326,5e-05
BINANCE:BTCUSDT,111944.83,1760205229326,0.0001
BINANCE:BTCUSDT,111943.99,1760205229326,0.0015
BINANCE:BTCUSDT,111943.57,1760205229326,0.01771
BINANCE:BTCUSDT,111943.57,1760205229326,5e-05
BINANCE:BTCUSDT,111943.57,1760205229326,5e-05
BINANCE:BTCUSDT,111943.57,1760205229326,5e-05
BINANCE:BTCUSDT,111943.26,1760205229326,5e-05
BINANCE:BTCUSDT,111942.86,1760205229326,5e-05
BINANCE:BTCUSDT,111942.14,1760205229326,7e-05
BINANCE:BTCUSDT,111941.85,1760205229326,0.0001
BINANCE:BTCUSDT,111941.44,1760205229326,6e-05
BINANCE:BTCUSDT,111940.49,1760205229326,0.003
BINANCE:BTCUSDT,111940.32,1760205229326,5e-05
BINANCE:BTCUSDT,111940.13,1760205229326,5e-05
BINANCE:BTCUSDT,111940,1760205229326,5e-05
BINANCE:BTCUSDT,111940,1760205229326,0.13572
BINANCE:BTCUSDT,111939.85,1760205229330,0.00022
BINANCE:BTCUSDT,111939.85,1760205229330,5e-05
BINANCE:BTCUSDT,111939.85,1760205229330,5e-05
BINANCE:BTCUSDT,111939.85,1760205229330,5e-05
BINANCE:BTCUSDT,111938.4,1760205229330,0.0015
BINANCE:BTCUSDT,111937.73,1760205229330,0.01713
BINANCE:BTCUSDT,111937.73,1760205229339,0.019
BINANCE:BTCUSDT,111937.73,1760205229340,0.02
BINANCE:BTCUSDT,111937.73,1760205229357,5e-05
BINANCE:BTCUSDT,111937.73,1760205229357,5e-05
BINANCE:BTCUSDT,111937.73,1760205229357,5e-05
BINANCE:BTCUSDT,111937.73,1760205229357,5e-05
BINANCE:BTCUSDT,111937.73,1760205229357,5e-05
BINANCE:BTCUSDT,111937.73,1760205229357,5e-05
BINANCE:BTCUSDT,111937.73,1760205229357,5e-05
BINANCE:BTCUSDT,111937.73,1760205229357,0.00134
BINANCE:BTCUSDT,111937.73,1760205229357,5e-05
BINANCE:BTCUSDT,111937.73,1760205229357,5e-05
BINANCE:BTCUSDT,111937.73,1760205229357,5e-05
BINANCE:BTCUSDT,111937.73,1760205229357,5e-05
BINANCE:BTCUSDT,111937.73,1760205229357,0.01268
BINANCE:BTCUSDT,111937.73,1760205229357,5e-05
BINANCE:BTCUSDT,111937.73,1760205229357,5e-05
BINANCE:BTCUSDT,111937.73,1760205229357,5e-05
BINANCE:BTCUSDT,111937.73,1760205229357,5e-05
BINANCE:BTCUSDT,111937.73,1760205229357,5e-05
BINANCE:BTCUSDT,111937.73,1760205229357,5e-05
BINANCE:BTCUSDT,111937.73,1760205229357,5e-05
BINANCE:BTCUSDT,111937.73,1760205229357,0.0018
BINANCE:BTCUSDT,111937.73,1760205229357,5e-05
BINANCE:BTCUSDT,111937.73,1760205229357,5e-05
BINANCE:BTCUSDT,111937.73,1760205229357,0.03886
BINANCE:BTCUSDT,111937.73,1760205229365,0.017
BINANCE:BTCUSDT,111937.74,1760205229602,0.01
BINANCE:BTCUSDT,111937.73,1760205229605,0.00099
BINANCE:BTCUSDT,111937.73,1760205230503,0.0002
BINANCE:BTCUSDT,111937.73,1760205230600,0.0004
BINANCE:BTCUSDT,111937.74,1760205230696,0.00033
BINANCE:BTCUSDT,111937.74,1760205231455,0.01337
BINANCE:BTCUSDT,111778.89,1760276602861,0.00712
BINANCE:BTCUSDT,111778.9,1760276604111,5e-05
BINANCE:BTCUSDT,111778.9,1760276604111,5e-05
BINANCE:BTCUSDT,111778.9,1760276604111,5e-05
BINANCE:BTCUSDT,111778.9,1760276604111,5e-05
BINANCE:BTCUSDT,111778.9,1760276604111,5e-05
BINANCE:BTCUSDT,111778.9,1760276604111,5e-05
BINANCE:BTCUSDT,111778.9,1760276604111,0.00102
BINANCE:BTCUSDT,111778.9,1760276604111,0.00044
BINANCE:BTCUSDT,111778.9,1760276604116,0.00213
BINANCE:BTCUSDT,111778.9,1760276604116,5e-05
BINANCE:BTCUSDT,111778.9,1760276604116,5e-05
BINANCE:BTCUSDT,111778.9,1760276604116,5e-05
BINANCE:BTCUSDT,111778.9,1760276604116,5e-05
BINANCE:BTCUSDT,111778.9,1760276604116,0.0001
BINANCE:BTCUSDT,111778.9,1760276604116,0.0001
BINANCE:BTCUSDT,111778.9,1760276604116,5e-05
BINANCE:BTCUSDT,111778.9,1760276604116,5e-05
BINANCE:BTCUSDT,111778.9,1760276604116,5e-05
BINANCE:BTCUSDT,111778.9,1760276604116,0.02676
BINANCE:BTCUSDT,111778.9,1760276604116,5e-05
BINANCE:BTCUSDT,111778.9,1760276604116,5e-05
BINANCE:BTCUSDT,111778.9,1760276604116,5e-05
BINANCE:BTCUSDT,111778.9,1760276604116,5e-05
BINANCE:BTCUSDT,111778.9,1760276604116,5e-05
BINANCE:BTCUSDT,111778.9,1760276604116,5e-05
BINANCE:BTCUSDT,111778.9,1760276604116,5e-05
BINANCE:BTCUSDT,111778.9,1760276604116,0.00024
BINANCE:BTCUSDT,111778.9,1760276604116,5e-05
BINANCE:BTCUSDT,111778.9,1760276604116,5e-05
BINANCE:BTCUSDT,111778.9,1760276604116,5e-05
BINANCE:BTCUSDT,111778.9,1760276604116,5e-05
BINANCE:BTCUSDT,111778.9,1760276604116,5e-05
BINANCE:BTCUSDT,111778.9,1760276604116,5e-05
BINANCE:BTCUSDT,111778.9,1760276604116,5e-05
BINANCE:BTCUSDT,111778.9,1760276604116,5e-05
BINANCE:BTCUSDT,111778.91,1760276604116,5e-05
BINANCE:BTCUSDT,111778.91,1760276604116,5e-05
BINANCE:BTCUSDT,111778.91,1760276604116,5e-05
BINANCE:BTCUSDT,111778.91,1760276604116,5e-05
BINANCE:BTCUSDT,111778.91,1760276604116,5e-05
BINANCE:BTCUSDT,111778.91,1760276604116,0.0001
BINANCE:BTCUSDT,111778.91,1760276604116,5e-05
BINANCE:BTCUSDT,111778.91,1760276604116,5e-05
BINANCE:BTCUSDT,111778.91,1760276604116,5e-05
BINANCE:BTCUSDT,111778.91,1760276604116,0.0001
BINANCE:BTCUSDT,111778.91,1760276604116,5e-05
BINANCE:BTCUSDT,111778.91,1760276604116,5e-05
BINANCE:BTCUSDT,111778.91,1760276604116,5e-05
BINANCE:BTCUSDT,111778.91,1760276604116,5e-05
BINANCE:BTCUSDT,111778.91,1760276604116,5e-05
BINANCE:BTCUSDT,111778.91,1760276604116,5e-05
BINANCE:BTCUSDT,111778.91,1760276604116,5e-05
BINANCE:BTCUSDT,111778.91,1760276604116,5e-05
BINANCE:BTCUSDT,111778.91,1760276604116,5e-05
BINANCE:BTCUSDT,111778.91,1760276604116,5e-05
BINANCE:BTCUSDT,111778.92,1760276604116,0.0001
BINANCE:BTCUSDT,111778.98,1760276604116,0.0001
BINANCE:BTCUSDT,111779.45,1760276604116,5e-05
BINANCE:BTCUSDT,111779.85,1760276604116,0.0001
BINANCE:BTCUSDT,111780.38,1760276604116,5e-05
BINANCE:BTCUSDT,111781.92,1760276604116,5e-05
BINANCE:BTCUSDT,111781.92,1760276604116,5e-05
BINANCE:BTCUSDT,111782.12,1760276604116,5e-05
BINANCE:BTCUSDT,111782.12,1760276604116,5e-05
BINANCE:BTCUSDT,111782.12,1760276604116,5e-05
BINANCE:BTCUSDT,111782.5,1760276604116,5e-05
BINANCE:BTCUSDT,111782.5,1760276604116,5e-05
BINANCE:BTCUSDT,111782.5,1760276604116,5e-05
BINANCE:BTCUSDT,111782.51,1760276604116,5e-05
BINANCE:BTCUSDT,111782.51,1760276604116,0.045
BINANCE:BTCUSDT,111782.51,1760276604116,5e-05
BINANCE:BTCUSDT,111782.51,1760276604116,0.00259
BINANCE:BTCUSDT,111782.51,1760276604116,5e-05
BINANCE:BTCUSDT,111782.51,1760276604116,5e-05
BINANCE:BTCUSDT,111782.51,1760276604116,0.0001
BINANCE:BTCUSDT,111782.51,1760276604116,5e-05
BINANCE:BTCUSDT,111782.51,1760276604116,5e-05
BINANCE:BTCUSDT,111782.51,1760276604116,5e-05
BINANCE:BTCUSDT,111782.51,1760276604116,5e-05
BINANCE:BTCUSDT,111782.52,1760276604116,0.00537
BINANCE:BTCUSDT,111782.52,1760276604116,5e-05
BINANCE:BTCUSDT,111782.53,1760276604116,0.0001
BINANCE:BTCUSDT,111782.67,1760276604116,0.00895
BINANCE:BTCUSDT,111782.67,1760276604116,5e-05
BINANCE:BTCUSDT,111782.67,1760276604116,5e-05
BINANCE:BTCUSDT,111782.67,1760276604116,5e-05
BINANCE:BTCUSDT,111782.67,1760276604116,5e-05
BINANCE:BTCUSDT,111782.67,1760276604116,5e-05
BINANCE:BTCUSDT,111782.67,1760276604116,5e-05
BINANCE:BTCUSDT,111782.67,1760276604116,5e-05
BINANCE:BTCUSDT,111782.68,1760276604116,0.0001
BINANCE:BTCUSDT,111782.8,1760276604116,5e-05
BINANCE:BTCUSDT,111782.81,1760276604116,0.00537
BINANCE:BTCUSDT,111782.81,1760276604116,5e-05
BINANCE:BTCUSDT,111783,1760276604116,0.00989
BINANCE:BTCUSDT,111783,1760276604116,5e-05
BINANCE:BTCUSDT,111783,1760276604116,5e-05
BINANCE:BTCUSDT,111783,1760276604116,5e-05
BINANCE:BTCUSDT,111783,1760276604116,5e-05
BINANCE:BTCUSDT,111783.51,1760276604116,5e-05
BINANCE:BTCUSDT,111784.34,1760276604116,5e-05
BINANCE:BTCUSDT,111784.34,1760276604116,5e-05
BINANCE:BTCUSDT,111784.37,1760276604116,5e-05
BINANCE:BTCUSDT,111784.37,1760276604116,5e-05
BINANCE:BTCUSDT,111784.37,1760276604116,5e-05
BINANCE:BTCUSDT,111784.38,1760276604203,0.00176
BINANCE:BTCUSDT,111784.38,1760276604300,0.00176
BINANCE:BTCUSDT,111784.38,1760276604396,0.00176
BINANCE:BTCUSDT,111784.37,1760276604442,0.00056
BINANCE:BTCUSDT,111784.38,1760276604493,0.00011
BINANCE:BTCUSDT,111784.38,1760276604507,0.00176
BINANCE:BTCUSDT,111784.38,1760276604814,0.00176
BINANCE:BTCUSDT,111784.38,1760276604612,0.00176
BINANCE:BTCUSDT,111784.38,1760276604705,0.00176
BINANCE:BTCUSDT,111784.38,1760276604909,0.00176
BINANCE:BTCUSDT,111784.38,1760276604999,0.00176
BINANCE:BTCUSDT,111784.38,1760276605036,0.00039
BINANCE:BTCUSDT,111784.38,1760276605104,0.00176
BINANCE:BTCUSDT,111784.38,1760276605212,0.00176
BINANCE:BTCUSDT,111784.37,1760276605241,5e-05
BINANCE:BTCUSDT,111784.38,1760276605322,0.00176
BINANCE:BTCUSDT,111784.38,1760276605423,0.00176
BINANCE:BTCUSDT,111784.38,1760276605524,0.00176
BINANCE:BTCUSDT,111784.38,1760276605620,0.00176
BINANCE:BTCUSDT,111784.38,1760276605712,0.00176
BINANCE:BTCUSDT,111784.38,1760276605806,0.00176
BINANCE:BTCUSDT,111784.38,1760276605909,0.00176
BINANCE:BTCUSDT,111784.37,1760276606542,0.00052
BINANCE:BTCUSDT,111784.37,1760276606589,0.00071
BINANCE:BTCUSDT,111784.38,1760276606702,0.03833
BINANCE:BTCUSDT,111784.38,1760276606839,0.00046
BINANCE:BTCUSDT,111385,1760276993555,0.0009
BINANCE:BTCUSDT,111385,1760276993882,0.00013
BINANCE:BTCUSDT,111385,1760276994006,0.00454
BINANCE:BTCUSDT,111385,1760276994008,0.00206
BINANCE:BTCUSDT,111384.99,1760276994134,0.24116
BINANCE:BTCUSDT,111384.99,1760276994134,0.00169
BINANCE:BTCUSDT,111384.99,1760276994134,0.0006
BINANCE:BTCUSDT,111384.99,1760276994134,0.0001
BINANCE:BTCUSDT,111384.99,1760276994134,0.02545
BINANCE:BTCUSDT,111384.99,1760276994440,0.00013
BINANCE:BTCUSDT,111384.99,1760276994630,0.045
BINANCE:BTCUSDT,111384.99,1760276994680,0.12569
BINANCE:BTCUSDT,111384.99,1760276994680,0.00051
BINANCE:BTCUSDT,111384.99,1760276994680,0.00179
BINANCE:BTCUSDT,111384.99,1760276994680,0.00045
BINANCE:BTCUSDT,111384.99,1760276994680,5e-05
BINANCE:BTCUSDT,111384.99,1760276994680,5e-05
BINANCE:BTCUSDT,111384.99,1760276994680,5e-05
BINANCE:BTCUSDT,111384.99,1760276994680,0.06081
BINANCE:BTCUSDT,111384.99,1760276994680,5e-05
BINANCE:BTCUSDT,111384.99,1760276994680,5e-05
BINANCE:BTCUSDT,111384.99,1760276994680,5e-05
BINANCE:BTCUSDT,111384.99,1760276994680,5e-05
BINANCE:BTCUSDT,111384.99,1760276994680,5e-05
BINANCE:BTCUSDT,111384.99,1760276994680,0.0127
BINANCE:BTCUSDT,111384.99,1760276994680,0.0284
BINANCE:BTCUSDT,111384.99,1760276994680,5e-05
BINANCE:BTCUSDT,111384.99,1760276994680,5e-05
BINANCE:BTCUSDT,111384.99,1760276994680,5e-05
BINANCE:BTCUSDT,111384.99,1760276994680,5e-05
BINANCE:BTCUSDT,111384.99,1760276994680,5e-05
BINANCE:BTCUSDT,111384.99,1760276994680,5e-05
BINANCE:BTCUSDT,111384.99,1760276994680,5e-05
BINANCE:BTCUSDT,111384.99,1760276994680,5e-05
BINANCE:BTCUSDT,111384.99,1760276994680,5e-05
BINANCE:BTCUSDT,111384.99,1760276994680,5e-05
BINANCE:BTCUSDT,111384.99,1760276994680,5e-05
BINANCE:BTCUSDT,111384.99,1760276994680,0.0001
BINANCE:BTCUSDT,111384.99,1760276994680,0.0376
BINANCE:BTCUSDT,111384.99,1760276994711,0.04
BINANCE:BTCUSDT,111384.99,1760276994711,0.045
BINANCE:BTCUSDT,111384.99,1760276994711,0.08
BINANCE:BTCUSDT,111384.99,1760276995567,0.048
BINANCE:BTCUSDT,111384.99,1760276995567,5e-05
BINANCE:BTCUSDT,111384.99,1760276995567,5e-05
BINANCE:BTCUSDT,111384.99,1760276995567,5e-05
BINANCE:BTCUSDT,111384.99,1760276995567,0.0001
BINANCE:BTCUSDT,111384.99,1760276995567,5e-05
BINANCE:BTCUSDT,111384.99,1760276995567,5e-05
BINANCE:BTCUSDT,111384.99,1760276995567,0.0127
BINANCE:BTCUSDT,111384.99,1760276995567,5e-05
BINANCE:BTCUSDT,111384.99,1760276995567,5e-05
BINANCE:BTCUSDT,111384.99,1760276995567,5e-05
BINANCE:BTCUSDT,111384.99,1760276995567,5e-05
BINANCE:BTCUSDT,111384.99,1760276995567,0.0001
BINANCE:BTCUSDT,111384.99,1760276995567,5e-05
BINANCE:BTCUSDT,111384.99,1760276995567,5e-05
BINANCE:BTCUSDT,111384.99,1760276995567,5e-05
BINANCE:BTCUSDT,111384.99,1760276995567,0.0006
BINANCE:BTCUSDT,111384.99,1760276995567,0.02708
BINANCE:BTCUSDT,111384.99,1760276995651,0.00012
BINANCE:BTCUSDT,111385,1760276995778,0.05384
BINANCE:BTCUSDT,111385,1760276995778,0.05379
BINANCE:BTCUSDT,111385,1760276995778,0.0001
BINANCE:BTCUSDT,111385,1760276995778,0.0001
BINANCE:BTCUSDT,111385,1760276995778,5e-05
BINANCE:BTCUSDT,111385,1760276995778,5e-05
BINANCE:BTCUSDT,111385,1760276995778,0.045
BINANCE:BTCUSDT,111385,1760276995778,0.03137
BINANCE:BTCUSDT,111385,1760276995778,5e-05
BINANCE:BTCUSDT,111385,1760276995778,5e-05
BINANCE:BTCUSDT,111385,1760276995778,0.00431
BINANCE:BTCUSDT,111385,1760276995778,0.04039
BINANCE:BTCUSDT,111385,1760276995778,0.03079
BINANCE:BTCUSDT,111385,1760276995778,5e-05
BINANCE:BTCUSDT,111385,1760276995778,5e-05
BINANCE:BTCUSDT,111385,1760276995778,0.04443
BINANCE:BTCUSDT,111385,1760276995778,5e-05
BINANCE:BTCUSDT,111385,1760276995778,5e-05
BINANCE:BTCUSDT,111385,1760276995778,5e-05
BINANCE:BTCUSDT,111385,1760276995778,5e-05
BINANCE:BTCUSDT,111385,1760276995778,5e-05
BINANCE:BTCUSDT,111385,1760276995778,5e-05
BINANCE:BTCUSDT,111385,1760276995778,5e-05
BINANCE:BTCUSDT,111385,1760276995778,5e-05
BINANCE:BTCUSDT,111385,1760276995778,5e-05
BINANCE:BTCUSDT,111385,1760276995778,5e-05
BINANCE:BTCUSDT,111385,1760276995778,5e-05
BINANCE:BTCUSDT,111385,1760276995778,5e-05
BINANCE:BTCUSDT,111385,1760276995778,5e-05
BINANCE:BTCUSDT,111385,1760276995778,5e-05
BINANCE:BTCUSDT,111385,1760276995778,5e-05
BINANCE:BTCUSDT,111385,1760276995778,5e-05
BINANCE:BTCUSDT,111385,1760276995778,5e-05
BINANCE:BTCUSDT,111385,1760276995778,5e-05
BINANCE:BTCUSDT,111385,1760276995778,5e-05
BINANCE:BTCUSDT,111385,1760276995778,5e-05
BINANCE:BTCUSDT,111385,1760276995778,5e-05
BINANCE:BTCUSDT,111385.01,1760276995778,5e-05
BINANCE:BTCUSDT,111385.01,1760276995778,5e-05
BINANCE:BTCUSDT,111385.01,1760276995778,0.0001
BINANCE:BTCUSDT,111385.01,1760276995778,0.0001
BINANCE:BTCUSDT,111385.01,1760276995778,5e-05
BINANCE:BTCUSDT,111385.01,1760276995778,5e-05
BINANCE:BTCUSDT,111385.01,1760276995778,5e-05
BINANCE:BTCUSDT,111385.01,1760276995778,5e-05
BINANCE:BTCUSDT,111385.01,1760276995778,5e-05
BINANCE:BTCUSDT,111385.01,1760276995778,5e-05
BINANCE:BTCUSDT,111385.01,1760276995778,5e-05
BINANCE:BTCUSDT,111385.01,1760276995778,5e-05
BINANCE:BTCUSDT,111385.02,1760276995778,0.0001
BINANCE:BTCUSDT,111385.02,1760276995778,0.0001
BINANCE:BTCUSDT,111385.08,1760276995778,0.0001
BINANCE:BTCUSDT,111385.1,1760276995778,0.0008
BINANCE:BTCUSDT,111385.1,1760276995778,0.0001
BINANCE:BTCUSDT,111385.1,1760276995778,0.0001
BINANCE:BTCUSDT,111385.11,1760276995778,0.0001
BINANCE:BTCUSDT,111385.11,1760276995778,0.0001
BINANCE:BTCUSDT,111385.16,1760276995778,0.00898
BINANCE:BTCUSDT,111385.16,1760276995778,5e-05
BINANCE:BTCUSDT,111385.16,1760276995778,5e-05
BINANCE:BTCUSDT,111385.16,1760276995778,5e-05
BINANCE:BTCUSDT,111385.16,1760276995778,5e-05
BINANCE:BTCUSDT,111385.17,1760276995778,0.0001
BINANCE:BTCUSDT,111385.37,1760276995778,5e-05
BINANCE:BTCUSDT,111385.37,1760276995778,5e-05
BINANCE:BTCUSDT,111385.37,1760276995778,5e-05
BINANCE:BTCUSDT,111385.38,1760276995778,0.01347
BINANCE:BTCUSDT,111385.38,1760276995779,5e-05
BINANCE:BTCUSDT,111385.38,1760276995779,5e-05
BINANCE:BTCUSDT,111385.38,1760276995779,5e-05
BINANCE:BTCUSDT,111385.38,1760276995779,5e-05
BINANCE:BTCUSDT,111385.38,1760276995779,5e-05
BINANCE:BTCUSDT,111385.39,1760276995779,0.0001
BINANCE:BTCUSDT,111385.39,1760276995780,5e-05
BINANCE:BTCUSDT,111385.39,1760276995780,5e-05
BINANCE:BTCUSDT,111385.39,1760276995780,5e-05
BINANCE:BTCUSDT,111385.39,1760276995780,5e-05
BINANCE:BTCUSDT,111385.39,1760276995780,5e-05
BINANCE:BTCUSDT,111385.39,1760276995780,5e-05
BINANCE:BTCUSDT,111385.39,1760276995780,0.0001
BINANCE:BTCUSDT,111385.39,1760276995780,5e-05
BINANCE:BTCUSDT,111387.22,1760276995782,0.00359
BINANCE:BTCUSDT,111387.22,1760276995782,5e-05
BINANCE:BTCUSDT,111387.22,1760276995782,0.0001
BINANCE:BTCUSDT,111387.22,1760276995782,0.0001
BINANCE:BTCUSDT,111387.22,1760276995782,5e-05
BINANCE:BTCUSDT,111387.22,1760276995782,5e-05
BINANCE:BTCUSDT,111387.23,1760276995782,0.0001
BINANCE:BTCUSDT,111387.23,1760276995782,0.0001
BINANCE:BTCUSDT,111387.35,1760276995784,5e-05
BINANCE:BTCUSDT,111387.35,1760276995784,5e-05
BINANCE:BTCUSDT,111387.35,1760276995784,5e-05
BINANCE:BTCUSDT,111387.35,1760276995784,5e-05
BINANCE:BTCUSDT,111388.89,1760276995784,0.00539
BINANCE:BTCUSDT,111388.89,1760276995784,5e-05
BINANCE:BTCUSDT,111388.89,1760276995784,5e-05
BINANCE:BTCUSDT,111388.89,1760276995784,0.0001
BINANCE:BTCUSDT,111388.89,1760276995784,0.0001
BINANCE:BTCUSDT,111388.89,1760276995784,5e-05
BINANCE:BTCUSDT,111388.89,1760276995784,5e-05
BINANCE:BTCUSDT,111388.9,1760276995784,0.0001
BINANCE:BTCUSDT,111388.9,1760276995784,0.0001
BINANCE:BTCUSDT,111387.23,1760276995784,5e-05
BINANCE:BTCUSDT,111387.23,1760276995784,5e-05
BINANCE:BTCUSDT,111389.6,1760276995784,5e-05
BINANCE:BTCUSDT,111389.7,1760276995784,5e-05
BINANCE:BTCUSDT,111389.7,1760276995784,5e-05
BINANCE:BTCUSDT,111389.7,1760276995784,5e-05
BINANCE:BTCUSDT,111389.84,1760276995784,5e-05
BINANCE:BTCUSDT,111390.16,1760276995784,5e-05
BINANCE:BTCUSDT,111390.16,1760276995784,5e-05
BINANCE:BTCUSDT,111390.16,1760276995784,5e-05
BINANCE:BTCUSDT,111390.17,1760276995784,5e-05
BINANCE:BTCUSDT,111390.17,1760276995784,5e-05
BINANCE:BTCUSDT,111392.01,1760276995823,5e-05
BINANCE:BTCUSDT,111392.01,1760276995823,5e-05
BINANCE:BTCUSDT,111392.01,1760276995823,5e-05
BINANCE:BTCUSDT,111392.01,1760276995823,5e-05
BINANCE:BTCUSDT,111392.01,1760276995823,0.00398
BINANCE:BTCUSDT,111392.01,1760276995837,0.00581
BINANCE:BTCUSDT,111392.01,1760276995837,0.00198
BINANCE:BTCUSDT,111392.01,1760276996038,0.02123
BINANCE:BTCUSDT,111392.01,1760276996038,0.00428
BINANCE:BTCUSDT,111392.01,1760276996038,0.00014
BINANCE:BTCUSDT,111392.01,1760276996038,5e-05
BINANCE:BTCUSDT,111392.01,1760276996038,0.0001
BINANCE:BTCUSDT,111392.01,1760276996038,5e-05
BINANCE:BTCUSDT,111392.01,1760276996038,0.0001
BINANCE:BTCUSDT,111392.01,1760276996038,5e-05
BINANCE:BTCUSDT,111392.01,1760276996038,5e-05
BINANCE:BTCUSDT,111392.01,1760276996038,5e-05
BINANCE:BTCUSDT,111392.01,1760276996038,5e-05
BINANCE:BTCUSDT,111392.01,1760276996038,5e-05
BINANCE:BTCUSDT,111392.01,1760276996038,5e-05
BINANCE:BTCUSDT,111392.01,1760276996038,5e-05
BINANCE:BTCUSDT,111392.01,1760276996038,5e-05
BINANCE:BTCUSDT,111392.01,1760276996038,5e-05
BINANCE:BTCUSDT,111392.01,1760276996038,0.1748
BINANCE:BTCUSDT,111392.01,1760276996038,5e-05
BINANCE:BTCUSDT,111392.01,1760276996038,5e-05
BINANCE:BTCUSDT,111392.01,1760276996038,0.00073
BINANCE:BTCUSDT,111392.01,1760276996038,0.0007
BINANCE:BTCUSDT,111392.01,1760276996038,5e-05
BINANCE:BTCUSDT,111392.01,1760276996038,5e-05
BINANCE:BTCUSDT,111392.01,1760276996038,5e-05
BINANCE:BTCUSDT,111392.01,1760276996038,5e-05
BINANCE:BTCUSDT,111392.01,1760276996038,5e-05
BINANCE:BTCUSDT,111392.01,1760276996038,5e-05
BINANCE:BTCUSDT,111392.01,1760276996038,5e-05
BINANCE:BTCUSDT,111392.01,1760276996038,0.0007
BINANCE:BTCUSDT,111392.01,1760276996038,5e-05
BINANCE:BTCUSDT,111392.01,1760276996038,5e-05
BINANCE:BTCUSDT,111392.01,1760276996038,5e-05
BINANCE:BTCUSDT,111392.01,1760276996038,0.00085
BINANCE:BTCUSDT,111392.01,1760276996039,0.24975
BINANCE:BTCUSDT,111392.01,1760276996039,0.0005
BINANCE:BTCUSDT,111392.02,1760276996041,5e-05
BINANCE:BTCUSDT,111392.02,1760276996041,5e-05
BINANCE:BTCUSDT,111392.02,1760276996041,5e-05
BINANCE:BTCUSDT,111392.02,1760276996041,5e-05
BINANCE:BTCUSDT,111392.02,1760276996041,0.0001
BINANCE:BTCUSDT,111392.02,1760276996041,0.0001
BINANCE:BTCUSDT,111392.02,1760276996041,5e-05
BINANCE:BTCUSDT,111392.02,1760276996041,5e-05
BINANCE:BTCUSDT,111392.02,1760276996041,5e-05
BINANCE:BTCUSDT,111392.02,1760276996041,5e-05
BINANCE:BTCUSDT,111392.02,1760276996041,5e-05
BINANCE:BTCUSDT,111392.02,1760276996041,5e-05
BINANCE:BTCUSDT,111392.02,1760276996041,5e-05
BINANCE:BTCUSDT,111392.02,1760276996041,5e-05
BINANCE:BTCUSDT,111392.02,1760276996041,5e-05
BINANCE:BTCUSDT,111392.02,1760276996041,5e-05
BINANCE:BTCUSDT,111392.02,1760276996041,5e-05
BINANCE:BTCUSDT,111392.02,1760276996041,5e-05
BINANCE:BTCUSDT,111392.03,1760276996041,0.0001
BINANCE:BTCUSDT,111392.03,1760276996041,0.0001
BINANCE:BTCUSDT,111392.2,1760276996041,5e-05
BINANCE:BTCUSDT,111392.2,1760276996041,5e-05
BINANCE:BTCUSDT,111392.2,1760276996041,5e-05
BINANCE:BTCUSDT,111392.68,1760276996041,5e-05
BINANCE:BTCUSDT,111392.68,1760276996041,5e-05
BINANCE:BTCUSDT,111392.68,1760276996041,5e-05
BINANCE:BTCUSDT,111392.69,1760276996211,0.02562
BINANCE:BTCUSDT,111392.69,1760276996211,5e-05
BINANCE:BTCUSDT,111392.69,1760276996211,5e-05
BINANCE:BTCUSDT,111392.69,1760276996211,5e-05
BINANCE:BTCUSDT,111392.69,1760276996211,5e-05
BINANCE:BTCUSDT,111392.69,1760276996211,5e-05
BINANCE:BTCUSDT,111392.69,1760276996211,5e-05
BINANCE:BTCUSDT,111392.69,1760276996211,5e-05
BINANCE:BTCUSDT,111392.69,1760276996211,5e-05
BINANCE:BTCUSDT,111392.69,1760276996211,5e-05
BINANCE:BTCUSDT,111392.69,1760276996211,5e-05
BINANCE:BTCUSDT,111392.69,1760276996211,5e-05
BINANCE:BTCUSDT,111392.69,1760276996211,0.00024
BINANCE:BTCUSDT,111392.69,1760276996211,0.0001
BINANCE:BTCUSDT,111392.69,1760276996211,0.0001
BINANCE:BTCUSDT,111392.69,1760276996211,5e-05
BINANCE:BTCUSDT,111392.69,1760276996211,5e-05
BINANCE:BTCUSDT,111392.69,1760276996211,5e-05
BINANCE:BTCUSDT,111470.66,1760277159807,0.00101
BINANCE:BTCUSDT,111470.65,1760277159838,0.0087
BINANCE:BTCUSDT,111470.66,1760277159878,0.05
BINANCE:BTCUSDT,111470.65,1760277159902,7e-05
BINANCE:BTCUSDT,111470.66,1760277160381,0.00011
BINANCE:BTCUSDT,111470.65,1760277160382,0.00179
BINANCE:BTCUSDT,111470.65,1760277160382,0.02721
BINANCE:BTCUSDT,111470.65,1760277160384,0.00136
BINANCE:BTCUSDT,111470.65,1760277160384,0.00045
BINANCE:BTCUSDT,111470.65,1760277160384,0.00068
BINANCE:BTCUSDT,111470.65,1760277160384,5e-05
BINANCE:BTCUSDT,111470.65,1760277160384,5e-05
BINANCE:BTCUSDT,111470.65,1760277160384,5e-05
BINANCE:BTCUSDT,111470.65,1760277160384,5e-05
BINANCE:BTCUSDT,111470.65,1760277160384,5e-05
BINANCE:BTCUSDT,111470.65,1760277160384,0.0001
BINANCE:BTCUSDT,111470.65,1760277160384,0.0001
BINANCE:BTCUSDT,111470.65,1760277160384,5e-05
BINANCE:BTCUSDT,111470.65,1760277160384,0.00069
BINANCE:BTCUSDT,111470.65,1760277160384,0.00099
BINANCE:BTCUSDT,111470.65,1760277160384,5e-05
BINANCE:BTCUSDT,111470.65,1760277160384,5e-05
BINANCE:BTCUSDT,111470.65,1760277160384,5e-05
BINANCE:BTCUSDT,111470.65,1760277160384,5e-05
BINANCE:BTCUSDT,111470.65,1760277160384,5e-05
BINANCE:BTCUSDT,111470.65,1760277160384,5e-05
BINANCE:BTCUSDT,111470.65,1760277160384,5e-05
BINANCE:BTCUSDT,111470.65,1760277160384,5e-05
BINANCE:BTCUSDT,111470.65,1760277160384,5e-05
BINANCE:BTCUSDT,111470.65,1760277160384,5e-05
BINANCE:BTCUSDT,111470.64,1760277160384,0.0001
BINANCE:BTCUSDT,111470.64,1760277160384,0.0001
BINANCE:BTCUSDT,111470.64,1760277160384,5e-05
BINANCE:BTCUSDT,111470.64,1760277160384,5e-05
BINANCE:BTCUSDT,111470.64,1760277160384,5e-05
BINANCE:BTCUSDT,111470.63,1760277160384,0.0001
BINANCE:BTCUSDT,111470.63,1760277160384,0.0001
BINANCE:BTCUSDT,111470.58,1760277160384,0.0001
BINANCE:BTCUSDT,111470.5,1760277160384,0.0008
BINANCE:BTCUSDT,111470.5,1760277160384,0.0001
BINANCE:BTCUSDT,111470.5,1760277160384,0.0001
BINANCE:BTCUSDT,111470.49,1760277160384,0.0001
BINANCE:BTCUSDT,111470.49,1760277160384,0.0001
BINANCE:BTCUSDT,111470.28,1760277160384,5e-05
BINANCE:BTCUSDT,111470.28,1760277160384,5e-05
BINANCE:BTCUSDT,111470.28,1760277160384,5e-05
BINANCE:BTCUSDT,111469.72,1760277160384,0.0001
BINANCE:BTCUSDT,111469.65,1760277160384,0.00718
BINANCE:BTCUSDT,111469.65,1760277160384,5e-05
BINANCE:BTCUSDT,111469.65,1760277160384,5e-05
BINANCE:BTCUSDT,111469.65,1760277160384,5e-05
BINANCE:BTCUSDT,111469.65,1760277160384,5e-05
BINANCE:BTCUSDT,111469.64,1760277160384,0.0001
BINANCE:BTCUSDT,111469.3,1760277160384,0.00149
BINANCE:BTCUSDT,111469.29,1760277160384,0.0001
BINANCE:BTCUSDT,111469.25,1760277160384,5e-05
BINANCE:BTCUSDT,111469.1,1760277160384,5e-05
BINANCE:BTCUSDT,111469.1,1760277160384,5e-05
BINANCE:BTCUSDT,111469.1,1760277160384,5e-05
BINANCE:BTCUSDT,111468.54,1760277160384,5e-05
BINANCE:BTCUSDT,111468.54,1760277160384,5e-05
BINANCE:BTCUSDT,111468.54,1760277160384,5e-05
BINANCE:BTCUSDT,111468.53,1760277160384,0.01794
BINANCE:BTCUSDT,111468.53,1760277160384,5e-05
BINANCE:BTCUSDT,111468.53,1760277160384,5e-05
BINANCE:BTCUSDT,111468.53,1760277160384,5e-05
BINANCE:BTCUSDT,111468.53,1760277160384,5e-05
BINANCE:BTCUSDT,111468.13,1760277160384,5e-05
BINANCE:BTCUSDT,111468.11,1760277160384,0.0001
BINANCE:BTCUSDT,111467.9,1760277160384,5e-05
BINANCE:BTCUSDT,111466.75,1760277160384,0.00538
BINANCE:BTCUSDT,111466.75,1760277160384,5e-05
BINANCE:BTCUSDT,111466.75,1760277160384,5e-05
BINANCE:BTCUSDT,111466.75,1760277160384,5e-05
BINANCE:BTCUSDT,111466.75,1760277160384,5e-05
BINANCE:BTCUSDT,111465.89,1760277160384,5e-05
BINANCE:BTCUSDT,111465.64,1760277160384,0.00718
BINANCE:BTCUSDT,111465.64,1760277160384,5e-05
BINANCE:BTCUSDT,111465.64,1760277160384,5e-05
BINANCE:BTCUSDT,111465.64,1760277160384,5e-05
BINANCE:BTCUSDT,111465.64,1760277160384,5e-05
BINANCE:BTCUSDT,111465.19,1760277160384,5e-05
BINANCE:BTCUSDT,111465.19,1760277160384,5e-05
BINANCE:BTCUSDT,111465.19,1760277160384,5e-05
BINANCE:BTCUSDT,111464.79,1760277160384,5e-05
BINANCE:BTCUSDT,111464.79,1760277160384,5e-05
BINANCE:BTCUSDT,111464.79,1760277160384,5e-05
BINANCE:BTCUSDT,111464.78,1760277160384,5e-05
BINANCE:BTCUSDT,111464.73,1760277160384,5e-05
BINANCE:BTCUSDT,111464.55,1760277160384,5e-05
BINANCE:BTCUSDT,111464.53,1760277160384,5e-05
BINANCE:BTCUSDT,111464.53,1760277160384,5e-05
BINANCE:BTCUSDT,111464.53,1760277160384,5e-05
BINANCE:BTCUSDT,111464.52,1760277160384,0.01794
BINANCE:BTCUSDT,111464.52,1760277160384,5e-05
BINANCE:BTCUSDT,111463.51,1760277160384,0.003
BINANCE:BTCUSDT,111463.51,1760277160384,5e-05
BINANCE:BTCUSDT,111463.51,1760277160384,5e-05
BINANCE:BTCUSDT,111463.51,1760277160384,5e-05
BINANCE:BTCUSDT,111462.53,1760277160384,5e-05
BINANCE:BTCUSDT,111462.53,1760277160384,5e-05
BINANCE:BTCUSDT,111462.53,1760277160384,5e-05
BINANCE:BTCUSDT,111462.52,1760277160384,0.04435
BINANCE:BTCUSDT,111462.52,1760277160384,5e-05
BINANCE:BTCUSDT,111461.61,1760277160384,5e-05
BINANCE:BTCUSDT,111461.2,1760277160384,5e-05
BINANCE:BTCUSDT,111460.8,1760277160384,5e-05
BINANCE:BTCUSDT,111460.79,1760277160384,0.12552
BINANCE:BTCUSDT,111460.79,1760277160400,5e-05
BINANCE:BTCUSDT,111460.79,1760277160400,0.00444
BINANCE:BTCUSDT,111460.8,1760277160640,0.00199
BINANCE:BTCUSDT,111460.8,1760277160653,8e-05
BINANCE:BTCUSDT,111460.8,1760277160697,0.00027
BINANCE:BTCUSDT,111460.79,1760277160785,0.00045
BINANCE:BTCUSDT,111460.79,1760277160785,0.00057
BINANCE:BTCUSDT,111460.79,1760277160785,0.0001
BINANCE:BTCUSDT,111460.79,1760277160785,0.0001
BINANCE:BTCUSDT,111460.79,1760277160785,0.00068
BINANCE:BTCUSDT,111460.79,1760277160785,0.00068
BINANCE:BTCUSDT,111460.79,1760277160785,5e-05
BINANCE:BTCUSDT,111460.79,1760277160785,5e-05
BINANCE:BTCUSDT,111460.79,1760277160785,5e-05
BINANCE:BTCUSDT,111460.79,1760277160785,5e-05
BINANCE:BTCUSDT,111460.79,1760277160785,5e-05
BINANCE:BTCUSDT,111460.79,1760277160866,7e-05
BINANCE:BTCUSDT,111460.78,1760277161751,5e-05
BINANCE:BTCUSDT,111460.78,1760277161751,5e-05
BINANCE:BTCUSDT,111460.78,1760277161751,0.0001
BINANCE:BTCUSDT,111460.78,1760277161751,0.0001
BINANCE:BTCUSDT,111460.78,1760277161751,5e-05
BINANCE:BTCUSDT,111460.78,1760277161751,5e-05
BINANCE:BTCUSDT,111460.78,1760277161751,5e-05
BINANCE:BTCUSDT,111460.78,1760277161751,5e-05
BINANCE:BTCUSDT,111460.78,1760277161751,5e-05
BINANCE:BTCUSDT,111460.78,1760277161751,5e-05
BINANCE:BTCUSDT,111460.78,1760277161751,5e-05
BINANCE:BTCUSDT,111460.78,1760277161751,0.00034
BINANCE:BTCUSDT,111460.79,1760277162116,0.02008
BINANCE:BTCUSDT,111460.79,1760277162284,0.0001
BINANCE:BTCUSDT,111460.79,1760277162307,0.00017
BINANCE:BTCUSDT,111460.79,1760277162312,0.00019
BINANCE:BTCUSDT,111460.79,1760277162365,0.0007
BINANCE:BTCUSDT,111460.79,1760277162985,8e-05
BINANCE:BTCUSDT,111460.78,1760277163137,0.00206
BINANCE:BTCUSDT,111460.78,1760277163316,0.02444
BINANCE:BTCUSDT,111460.78,1760277163316,0.00022
BINANCE:BTCUSDT,111460.78,1760277163316,0.0001
BINANCE:BTCUSDT,111460.78,1760277163316,0.0001
BINANCE:BTCUSDT,111460.78,1760277163316,5e-05
BINANCE:BTCUSDT,111460.78,1760277163316,0.01075
BINANCE:BTCUSDT,111460.79,1760277163517,5e-05
BINANCE:BTCUSDT,111273.17,1760277587167,5e-05
BINANCE:BTCUSDT,111273.17,1760277587167,0.0001
BINANCE:BTCUSDT,111273.17,1760277587167,5e-05
BINANCE:BTCUSDT,111273.17,1760277587167,5e-05
BINANCE:BTCUSDT,111273.17,1760277587167,5e-05
BINANCE:BTCUSDT,111273.17,1760277587167,5e-05
BINANCE:BTCUSDT,111273.17,1760277587167,5e-05
BINANCE:BTCUSDT,111273.17,1760277587167,5e-05
BINANCE:BTCUSDT,111273.17,1760277587167,5e-05
BINANCE:BTCUSDT,111273.17,1760277587167,0.0539
BINANCE:BTCUSDT,111273.17,1760277587167,0.05382
BINANCE:BTCUSDT,111273.17,1760277587167,0.05388
BINANCE:BTCUSDT,111273.17,1760277587167,0.02686
BINANCE:BTCUSDT,111273.18,1760277587168,5e-05
BINANCE:BTCUSDT,111273.18,1760277587168,5e-05
BINANCE:BTCUSDT,111273.18,1760277587168,5e-05
BINANCE:BTCUSDT,111273.18,1760277587168,5e-05
BINANCE:BTCUSDT,111273.18,1760277587168,5e-05
BINANCE:BTCUSDT,111273.18,1760277587168,5e-05
BINANCE:BTCUSDT,111273.18,1760277587168,5e-05
BINANCE:BTCUSDT,111273.18,1760277587168,5e-05
BINANCE:BTCUSDT,111273.18,1760277587168,5e-05
BINANCE:BTCUSDT,111273.18,1760277587168,5e-05
BINANCE:BTCUSDT,111273.18,1760277587168,5e-05
BINANCE:BTCUSDT,111273.18,1760277587168,5e-05
BINANCE:BTCUSDT,111273.18,1760277587168,5e-05
BINANCE:BTCUSDT,111273.18,1760277587168,5e-05
BINANCE:BTCUSDT,111273.18,1760277587168,0.0001
BINANCE:BTCUSDT,111273.18,1760277587168,5e-05
BINANCE:BTCUSDT,111273.18,1760277587168,5e-05
BINANCE:BTCUSDT,111273.18,1760277587168,0.0001
BINANCE:BTCUSDT,111273.18,1760277587168,5e-05
BINANCE:BTCUSDT,111273.18,1760277587168,5e-05
BINANCE:BTCUSDT,111273.19,1760277587168,0.0001
BINANCE:BTCUSDT,111273.19,1760277587168,0.0001
BINANCE:BTCUSDT,111273.69,1760277587168,0.0001
BINANCE:BTCUSDT,111273.8,1760277587201,5e-05
BINANCE:BTCUSDT,111273.8,1760277587201,5e-05
BINANCE:BTCUSDT,111273.8,1760277587201,5e-05
BINANCE:BTCUSDT,111273.8,1760277587201,0.0001
BINANCE:BTCUSDT,111273.8,1760277587201,5e-05
BINANCE:BTCUSDT,111273.8,1760277587201,5e-05
BINANCE:BTCUSDT,111273.8,1760277587201,5e-05
BINANCE:BTCUSDT,111273.8,1760277587201,5e-05
BINANCE:BTCUSDT,111273.8,1760277587201,5e-05
BINANCE:BTCUSDT,111273.8,1760277587201,5e-05
BINANCE:BTCUSDT,111273.8,1760277587201,5e-05
BINANCE:BTCUSDT,111273.8,1760277587201,5e-05
BINANCE:BTCUSDT,111273.8,1760277587201,5e-05
BINANCE:BTCUSDT,111273.8,1760277587201,5e-05
BINANCE:BTCUSDT,111273.8,1760277587201,5e-05
BINANCE:BTCUSDT,111273.8,1760277587201,5e-05
BINANCE:BTCUSDT,111273.8,1760277587201,5e-05
BINANCE:BTCUSDT,111273.8,1760277587201,5e-05
BINANCE:BTCUSDT,111273.8,1760277587201,5e-05
BINANCE:BTCUSDT,111273.8,1760277587201,5e-05
BINANCE:BTCUSDT,111273.8,1760277587201,5e-05
BINANCE:BTCUSDT,111273.8,1760277587201,0.0001
BINANCE:BTCUSDT,111273.8,1760277587201,5e-05
BINANCE:BTCUSDT,111273.8,1760277587201,5e-05
BINANCE:BTCUSDT,111273.8,1760277587201,5e-05
BINANCE:BTCUSDT,111273.81,1760277587201,5e-05
BINANCE:BTCUSDT,111273.81,1760277587201,5e-05
BINANCE:BTCUSDT,111273.81,1760277587201,5e-05
BINANCE:BTCUSDT,111273.81,1760277587201,5e-05
BINANCE:BTCUSDT,111273.81,1760277587201,5e-05
BINANCE:BTCUSDT,111273.81,1760277587201,0.0001
BINANCE:BTCUSDT,111273.81,1760277587201,5e-05
BINANCE:BTCUSDT,111273.81,1760277587201,5e-05
BINANCE:BTCUSDT,111273.81,1760277587201,5e-05
BINANCE:BTCUSDT,111273.81,1760277587201,5e-05
BINANCE:BTCUSDT,111273.81,1760277587201,5e-05
BINANCE:BTCUSDT,111273.81,1760277587201,0.0001
BINANCE:BTCUSDT,111273.81,1760277587201,5e-05
BINANCE:BTCUSDT,111273.81,1760277587201,5e-05
BINANCE:BTCUSDT,111273.81,1760277587201,5e-05
BINANCE:BTCUSDT,111273.81,1760277587201,5e-05
BINANCE:BTCUSDT,111273.81,1760277587201,5e-05
BINANCE:BTCUSDT,111273.81,1760277587201,5e-05
BINANCE:BTCUSDT,111273.81,1760277587201,5e-05
BINANCE:BTCUSDT,111273.81,1760277587201,5e-05
BINANCE:BTCUSDT,111274.05,1760277587201,5e-05
BINANCE:BTCUSDT,111274.5,1760277587201,5e-05
BINANCE:BTCUSDT,111275.25,1760277587201,0.0001
BINANCE:BTCUSDT,111276.95,1760277587201,5e-05
BINANCE:BTCUSDT,111277.62,1760277587201,5e-05
BINANCE:BTCUSDT,111277.98,1760277587201,5e-05
BINANCE:BTCUSDT,111277.98,1760277587201,5e-05
BINANCE:BTCUSDT,111277.98,1760277587201,5e-05
BINANCE:BTCUSDT,111278.19,1760277587496,0.003
BINANCE:BTCUSDT,111278.19,1760277587496,0.0001
BINANCE:BTCUSDT,111278.19,1760277587496,4e-05
BINANCE:BTCUSDT,111278.18,1760277587519,0.00989
BINANCE:BTCUSDT,111278.19,1760277587574,6e-05
BINANCE:BTCUSDT,111278.19,1760277587574,5e-05
BINANCE:BTCUSDT,111278.19,1760277587574,5e-05
BINANCE:BTCUSDT,111278.19,1760277587574,5e-05
BINANCE:BTCUSDT,111278.19,1760277587574,5e-05
BINANCE:BTCUSDT,111278.19,1760277587574,5e-05
BINANCE:BTCUSDT,111278.19,1760277587574,5e-05
BINANCE:BTCUSDT,111278.19,1760277587574,5e-05
BINANCE:BTCUSDT,111278.19,1760277587574,0.00012
BINANCE:BTCUSDT,111278.19,1760277587574,0.00023
BINANCE:BTCUSDT,111278.19,1760277587574,5e-05
BINANCE:BTCUSDT,111278.19,1760277587574,5e-05
BINANCE:BTCUSDT,111278.19,1760277587574,5e-05
BINANCE:BTCUSDT,111278.19,1760277587574,0.01562
BINANCE:BTCUSDT,111278.18,1760277587867,0.01072
BINANCE:BTCUSDT,111278.18,1760277587910,0.00092
BINANCE:BTCUSDT,111278.18,1760277588504,9e-05
BINANCE:BTCUSDT,111278.18,1760277588533,0.00183
BINANCE:BTCUSDT,111278.18,1760277588533,0.08804
BINANCE:BTCUSDT,111278.19,1760277588590,0.01663
BINANCE:BTCUSDT,111278.19,1760277588663,0.00416
BINANCE:BTCUSDT,111278.18,1760277588851,0.00053
BINANCE:BTCUSDT,111278.18,1760277589203,0.00676
BINANCE:BTCUSDT,111278.18,1760277589284,0.00056
BINANCE:BTCUSDT,111278.19,1760277589351,0.00062
BINANCE:BTCUSDT,111278.18,1760277589557,0.00014
BINANCE:BTCUSDT,111278.19,1760277590014,0.00179
BINANCE:BTCUSDT,111278.19,1760277590150,0.00045
BINANCE:BTCUSDT,111278.19,1760277590150,0.00985
BINANCE:BTCUSDT,111278.19,1760277590158,0.0072
BINANCE:BTCUSDT,111278.19,1760277590188,0.00085
BINANCE:BTCUSDT,111278.19,1760277590193,0.03558
BINANCE:BTCUSDT,111278.19,1760277590193,0.02664
BINANCE:BTCUSDT,111278.19,1760277590193,0.0001
BINANCE:BTCUSDT,111278.19,1760277590193,0.0001
BINANCE:BTCUSDT,111278.19,1760277590193,5e-05
BINANCE:BTCUSDT,111278.19,1760277590193,5e-05
BINANCE:BTCUSDT,111278.19,1760277590193,5e-05
BINANCE:BTCUSDT,111278.19,1760277590193,5e-05
BINANCE:BTCUSDT,111278.19,1760277590193,5e-05
BINANCE:BTCUSDT,111278.19,1760277590193,5e-05
BINANCE:BTCUSDT,111278.19,1760277590193,5e-05
BINANCE:BTCUSDT,111278.19,1760277590193,5e-05
BINANCE:BTCUSDT,111278.19,1760277590193,5e-05
BINANCE:BTCUSDT,111278.19,1760277590193,5e-05
BINANCE:BTCUSDT,111278.19,1760277590193,5e-05
BINANCE:BTCUSDT,111278.19,1760277590193,5e-05
BINANCE:BTCUSDT,111278.19,1760277590193,5e-05
BINANCE:BTCUSDT,111278.19,1760277590193,5e-05
BINANCE:BTCUSDT,111278.19,1760277590193,5e-05
BINANCE:BTCUSDT,111278.19,1760277590193,5e-05
BINANCE:BTCUSDT,111278.19,1760277590193,5e-05
BINANCE:BTCUSDT,111278.19,1760277590193,5e-05
BINANCE:BTCUSDT,111278.19,1760277590193,5e-05
BINANCE:BTCUSDT,111278.19,1760277590193,5e-05
BINANCE:BTCUSDT,111278.19,1760277590193,5e-05
BINANCE:BTCUSDT,111278.19,1760277590193,5e-05
BINANCE:BTCUSDT,111278.19,1760277590193,5e-05
BINANCE:BTCUSDT,111278.19,1760277590193,5e-05
BINANCE:BTCUSDT,111278.2,1760277590193,5e-05
BINANCE:BTCUSDT,111278.2,1760277590193,5e-05
BINANCE:BTCUSDT,111278.2,1760277590193,5e-05
BINANCE:BTCUSDT,111278.2,1760277590193,5e-05
BINANCE:BTCUSDT,111278.2,1760277590193,5e-05
BINANCE:BTCUSDT,111278.2,1760277590193,5e-05
BINANCE:BTCUSDT,111278.2,1760277590193,0.0001
BINANCE:BTCUSDT,111278.2,1760277590193,0.0001
BINANCE:BTCUSDT,111278.2,1760277590193,0.00737
BINANCE:BTCUSDT,111278.2,1760277590193,5e-05
BINANCE:BTCUSDT,111278.2,1760277590193,5e-05
BINANCE:BTCUSDT,111278.2,1760277590193,5e-05
BINANCE:BTCUSDT,111278.2,1760277590193,5e-05
BINANCE:BTCUSDT,111278.2,1760277590193,5e-05
BINANCE:BTCUSDT,111278.2,1760277590193,5e-05
BINANCE:BTCUSDT,111278.2,1760277590193,5e-05
BINANCE:BTCUSDT,111278.2,1760277590193,5e-05
BINANCE:BTCUSDT,111278.2,1760277590193,5e-05
BINANCE:BTCUSDT,111278.2,1760277590193,5e-05
BINANCE:BTCUSDT,111278.2,1760277590193,5e-05
BINANCE:BTCUSDT,111278.21,1760277590193,0.0001
BINANCE:BTCUSDT,111278.21,1760277590193,0.0001
BINANCE:BTCUSDT,111278.95,1760277590193,0.00011
BINANCE:BTCUSDT,111280.3,1760277590193,5e-05
BINANCE:BTCUSDT,111283.18,1760277590200,5e-05
BINANCE:BTCUSDT,111283.18,1760277590200,5e-05
BINANCE:BTCUSDT,111283.18,1760277590200,5e-05
BINANCE:BTCUSDT,111283.18,1760277590201,5e-05
BINANCE:BTCUSDT,111283.18,1760277590201,5e-05
BINANCE:BTCUSDT,111283.18,1760277590201,5e-05
BINANCE:BTCUSDT,111283.18,1760277590202,0.00015
BINANCE:BTCUSDT,111283.18,1760277590202,0.00015
BINANCE:BTCUSDT,111283.18,1760277590204,0.00012
BINANCE:BTCUSDT,111283.18,1760277590214,5e-05
BINANCE:BTCUSDT,111283.18,1760277590214,5e-05
BINANCE:BTCUSDT,111283.18,1760277590214,5e-05
BINANCE:BTCUSDT,111283.18,1760277590214,5e-05
BINANCE:BTCUSDT,111283.18,1760277590214,5e-05
BINANCE:BTCUSDT,111283.18,1760277590214,5e-05
BINANCE:BTCUSDT,111283.18,1760277590214,5e-05
BINANCE:BTCUSDT,111283.18,1760277590214,5e-05
BINANCE:BTCUSDT,111283.18,1760277590214,5e-05
BINANCE:BTCUSDT,111283.18,1760277590214,5e-05
BINANCE:BTCUSDT,111283.18,1760277590214,5e-05
BINANCE:BTCUSDT,111283.18,1760277590214,5e-05
BINANCE:BTCUSDT,111283.18,1760277590214,0.0001
BINANCE:BTCUSDT,111283.18,1760277590214,5e-05
BINANCE:BTCUSDT,111283.18,1760277590214,0.0001
BINANCE:BTCUSDT,111283.18,1760277590214,5e-05
BINANCE:BTCUSDT,111283.18,1760277590214,5e-05
BINANCE:BTCUSDT,111283.18,1760277590214,5e-05
BINANCE:BTCUSDT,111283.18,1760277590214,5e-05
BINANCE:BTCUSDT,111283.18,1760277590214,5e-05
BINANCE:BTCUSDT,111283.18,1760277590214,5e-05
BINANCE:BTCUSDT,111283.18,1760277590214,5e-05
BINANCE:BTCUSDT,111283.18,1760277590214,5e-05
BINANCE:BTCUSDT,111283.18,1760277590214,0.00077
BINANCE:BTCUSDT,111283.18,1760277590214,5e-05
BINANCE:BTCUSDT,111283.19,1760277590214,5e-05
BINANCE:BTCUSDT,111283.19,1760277590214,5e-05
BINANCE:BTCUSDT,111283.19,1760277590214,5e-05
BINANCE:BTCUSDT,111283.19,1760277590214,5e-05
BINANCE:BTCUSDT,111283.19,1760277590214,5e-05
BINANCE:BTCUSDT,111283.19,1760277590214,5e-05
BINANCE:BTCUSDT,111283.19,1760277590214,5e-05
BINANCE:BTCUSDT,111283.19,1760277590214,5e-05
BINANCE:BTCUSDT,111283.19,1760277590214,5e-05
BINANCE:BTCUSDT,111283.19,1760277590214,5e-05
BINANCE:BTCUSDT,111283.19,1760277590214,5e-05
BINANCE:BTCUSDT,111283.19,1760277590214,5e-05
BINANCE:BTCUSDT,111283.19,1760277590214,5e-05
BINANCE:BTCUSDT,111283.19,1760277590214,5e-05
BINANCE:BTCUSDT,111283.19,1760277590214,5e-05
BINANCE:BTCUSDT,111283.19,1760277590214,5e-05
BINANCE:BTCUSDT,111283.19,1760277590214,5e-05
BINANCE:BTCUSDT,111283.19,1760277590214,0.0001
BINANCE:BTCUSDT,111283.19,1760277590214,0.0001
BINANCE:BTCUSDT,111283.19,1760277590214,5e-05
BINANCE:BTCUSDT,111283.65,1760277590214,5e-05
BINANCE:BTCUSDT,111283.73,1760277590214,5e-05
BINANCE:BTCUSDT,111283.74,1760277590214,0.0001
BINANCE:BTCUSDT,111283.74,1760277590214,0.0001
BINANCE:BTCUSDT,111283.74,1760277590214,5e-05
BINANCE:BTCUSDT,111283.74,1760277590214,5e-05
BINANCE:BTCUSDT,111283.75,1760277590214,5e-05
BINANCE:BTCUSDT,111283.75,1760277590214,0.0001
BINANCE:BTCUSDT,111283.75,1760277590214,0.0001
BINANCE:BTCUSDT,111283.75,1760277590214,5e-05
BINANCE:BTCUSDT,111283.75,1760277590214,5e-05
BINANCE:BTCUSDT,111283.76,1760277590214,0.0001
BINANCE:BTCUSDT,111283.76,1760277590214,0.0001
BINANCE:BTCUSDT,111283.85,1760277590214,5e-05
BINANCE:BTCUSDT,111283.87,1760277590214,5e-05
BINANCE:BTCUSDT,111283.87,1760277590214,5e-05
BINANCE:BTCUSDT,111283.88,1760277590214,0.0001
BINANCE:BTCUSDT,111285.48,1760277590214,5e-05
BINANCE:BTCUSDT,111285.49,1760277590214,5e-05
BINANCE:BTCUSDT,111285.49,1760277590214,5e-05
BINANCE:BTCUSDT,111285.96,1760277590214,5e-05
BINANCE:BTCUSDT,111285.96,1760277590214,5e-05
BINANCE:BTCUSDT,111285.96,1760277590214,5e-05
BINANCE:BTCUSDT,111286.97,1760277590214,5e-05
BINANCE:BTCUSDT,111287,1760277590214,5e-05
BINANCE:BTCUSDT,111287.63,1760277590214,5e-05
BINANCE:BTCUSDT,111287.64,1760277590214,5e-05
BINANCE:BTCUSDT,111287.64,1760277590214,5e-05
BINANCE:BTCUSDT,111288.22,1760277590214,5e-05
BINANCE:BTCUSDT,111288.22,1760277590214,5e-05
BINANCE:BTCUSDT,111288.22,1760277590214,5e-05
BINANCE:BTCUSDT,111288.25,1760277590214,5e-05
BINANCE:BTCUSDT,111288.26,1760277590214,0.00288
BINANCE:BTCUSDT,111288.26,1760277590214,0.0002
BINANCE:BTCUSDT,111288.25,1760277590215,0.0058
BINANCE:BTCUSDT,111288.26,1760277590303,0.00209
BINANCE:BTCUSDT,111288.26,1760277590512,0.03038
BINANCE:BTCUSDT,111288.25,1760277590544,0.00447
BINANCE:BTCUSDT,111288.26,1760277590584,0.01795
BINANCE:BTCUSDT,111288.26,1760277590649,0.00053
BINANCE:BTCUSDT,111288.26,1760277590651,0.00043
BINANCE:BTCUSDT,111406,1760277854069,0.00121
BINANCE:BTCUSDT,111405.99,1760277854169,5e-05
BINANCE:BTCUSDT,111405.99,1760277854169,5e-05
BINANCE:BTCUSDT,111405.99,1760277854169,5e-05
BINANCE:BTCUSDT,111405.99,1760277854169,5e-05
BINANCE:BTCUSDT,111405.99,1760277854169,5e-05
BINANCE:BTCUSDT,111405.99,1760277854169,5e-05
BINANCE:BTCUSDT,111405.99,1760277854169,5e-05
BINANCE:BTCUSDT,111405.99,1760277854169,5e-05
BINANCE:BTCUSDT,111405.99,1760277854169,5e-05
BINANCE:BTCUSDT,111405.99,1760277854169,4e-05
BINANCE:BTCUSDT,111406,1760277854657,0.00013
BINANCE:BTCUSDT,111405.99,1760277854931,1e-05
BINANCE:BTCUSDT,111405.99,1760277854931,0.0001
BINANCE:BTCUSDT,111405.99,1760277854931,0.0001
BINANCE:BTCUSDT,111405.99,1760277854931,5e-05
BINANCE:BTCUSDT,111405.99,1760277854931,5e-05
BINANCE:BTCUSDT,111405.99,1760277854931,5e-05
BINANCE:BTCUSDT,111405.99,1760277854931,5e-05
BINANCE:BTCUSDT,111405.99,1760277854931,5e-05
BINANCE:BTCUSDT,111405.99,1760277854931,5e-05
BINANCE:BTCUSDT,111405.99,1760277854931,5e-05
BINANCE:BTCUSDT,111405.99,1760277854931,5e-05
BINANCE:BTCUSDT,111405.99,1760277854931,5e-05
BINANCE:BTCUSDT,111405.99,1760277854931,5e-05
BINANCE:BTCUSDT,111405.99,1760277854931,5e-05
BINANCE:BTCUSDT,111405.99,1760277854931,5e-05
BINANCE:BTCUSDT,111405.99,1760277854931,5e-05
BINANCE:BTCUSDT,111405.99,1760277854931,5e-05
BINANCE:BTCUSDT,111405.99,1760277854931,0.00022
BINANCE:BTCUSDT,111405.99,1760277854931,0.00031
BINANCE:BTCUSDT,111405.99,1760277854931,0.00568
BINANCE:BTCUSDT,111406,1760277855114,7e-05
BINANCE:BTCUSDT,111406,1760277855172,0.00026
BINANCE:BTCUSDT,111405.99,1760277855409,0.01371
BINANCE:BTCUSDT,111405.99,1760277855928,0.00861
BINANCE:BTCUSDT,111405.99,1760277856027,0.0001
BINANCE:BTCUSDT,111406,1760277856069,0.00016
BINANCE:BTCUSDT,111406,1760277856516,7e-05
BINANCE:BTCUSDT,111406,1760277856556,0.05135
BINANCE:BTCUSDT,111406,1760277856556,0.05304
BINANCE:BTCUSDT,111406,1760277856672,0.00026
BINANCE:BTCUSDT,111406,1760277856961,7e-05
BINANCE:BTCUSDT,111405.99,1760277856991,0.00179
BINANCE:BTCUSDT,111406,1760277856756,0.00015
BINANCE:BTCUSDT,111406,1760277856816,9e-05
BINANCE:BTCUSDT,111406,1760277857016,0.00029
BINANCE:BTCUSDT,113049.53,1760283108108,0.00443
BINANCE:BTCUSDT,113049.52,1760283108157,0.00045
BINANCE:BTCUSDT,113049.53,1760283108198,0.00656
BINANCE:BTCUSDT,113030.42,1760283108728,5e-05
BINANCE:BTCUSDT,113030.41,1760283108728,0.03538
BINANCE:BTCUSDT,113030.41,1760283108728,5e-05
BINANCE:BTCUSDT,113030.41,1760283108728,5e-05
BINANCE:BTCUSDT,113030.41,1760283108728,5e-05
BINANCE:BTCUSDT,113030.41,1760283108728,5e-05
BINANCE:BTCUSDT,113030.41,1760283108728,5e-05
BINANCE:BTCUSDT,113029.92,1760283108728,9e-05
BINANCE:BTCUSDT,113029.24,1760283108728,5e-05
BINANCE:BTCUSDT,113049.52,1760283108275,0.00999
BINANCE:BTCUSDT,113049.52,1760283108275,0.0001
BINANCE:BTCUSDT,113049.52,1760283108275,5e-05
BINANCE:BTCUSDT,113049.52,1760283108275,5e-05
BINANCE:BTCUSDT,113049.52,1760283108275,0.00122
BINANCE:BTCUSDT,113049.52,1760283108275,5e-05
BINANCE:BTCUSDT,113049.52,1760283108275,5e-05
BINANCE:BTCUSDT,113049.52,1760283108275,5e-05
BINANCE:BTCUSDT,113049.52,1760283108275,0.00045
BINANCE:BTCUSDT,113049.52,1760283108275,5e-05
BINANCE:BTCUSDT,113049.52,1760283108275,5e-05
BINANCE:BTCUSDT,113049.52,1760283108275,5e-05
BINANCE:BTCUSDT,113049.52,1760283108275,5e-05
BINANCE:BTCUSDT,113049.52,1760283108275,5e-05
BINANCE:BTCUSDT,113049.52,1760283108275,5e-05
BINANCE:BTCUSDT,113049.52,1760283108275,5e-05
BINANCE:BTCUSDT,113049.52,1760283108275,5e-05
BINANCE:BTCUSDT,113049.52,1760283108275,5e-05
BINANCE:BTCUSDT,113049.52,1760283108275,5e-05
BINANCE:BTCUSDT,113049.51,1760283108275,5e-05
BINANCE:BTCUSDT,113049.51,1760283108275,5e-05
BINANCE:BTCUSDT,113049.51,1760283108275,5e-05
BINANCE:BTCUSDT,113049.51,1760283108275,0.0001
BINANCE:BTCUSDT,113049.51,1760283108275,5e-05
BINANCE:BTCUSDT,113049.51,1760283108275,5e-05
BINANCE:BTCUSDT,113049.51,1760283108275,5e-05
BINANCE:BTCUSDT,113049.5,1760283108275,0.0001
BINANCE:BTCUSDT,113049.45,1760283108275,9e-05
BINANCE:BTCUSDT,113047.7,1760283108281,5e-05
BINANCE:BTCUSDT,113047.7,1760283108281,5e-05
BINANCE:BTCUSDT,113047.7,1760283108281,5e-05
BINANCE:BTCUSDT,113025.58,1760283108835,3e-05
BINANCE:BTCUSDT,113025.58,1760283108835,5e-05
BINANCE:BTCUSDT,113025.58,1760283108835,5e-05
BINANCE:BTCUSDT,113025.58,1760283108835,5e-05
BINANCE:BTCUSDT,113025.58,1760283108835,5e-05
BINANCE:BTCUSDT,113025.58,1760283108835,5e-05
BINANCE:BTCUSDT,113025.58,1760283108835,5e-05
BINANCE:BTCUSDT,113025.58,1760283108835,5e-05
BINANCE:BTCUSDT,113025.58,1760283108835,5e-05
BINANCE:BTCUSDT,113025.58,1760283108835,5e-05
BINANCE:BTCUSDT,113025.58,1760283108835,0.00052
BINANCE:BTCUSDT,113025.58,1760283108812,6e-05
BINANCE:BTCUSDT,113047.7,1760283108388,5e-05
BINANCE:BTCUSDT,113047.7,1760283108388,5e-05
BINANCE:BTCUSDT,113047.7,1760283108388,0.0001
BINANCE:BTCUSDT,113047.7,1760283108388,5e-05
BINANCE:BTCUSDT,113047.7,1760283108388,5e-05
BINANCE:BTCUSDT,113047.7,1760283108388,5e-05
BINANCE:BTCUSDT,113047.7,1760283108388,5e-05
BINANCE:BTCUSDT,113047.7,1760283108388,5e-05
BINANCE:BTCUSDT,113047.7,1760283108388,5e-05
BINANCE:BTCUSDT,113047.7,1760283108388,5e-05
BINANCE:BTCUSDT,113047.7,1760283108388,5e-05
BINANCE:BTCUSDT,113047.7,1760283108388,5e-05
BINANCE:BTCUSDT,113047.7,1760283108388,0.00061
BINANCE:BTCUSDT,113047.7,1760283108388,5e-05
BINANCE:BTCUSDT,113047.7,1760283108388,5e-05
BINANCE:BTCUSDT,113047.7,1760283108388,5e-05
BINANCE:BTCUSDT,113047.69,1760283108388,5e-05
BINANCE:BTCUSDT,113047.69,1760283108388,5e-05
BINANCE:BTCUSDT,113047.69,1760283108388,5e-05
BINANCE:BTCUSDT,113047.69,1760283108388,5e-05
BINANCE:BTCUSDT,113047.69,1760283108388,5e-05
BINANCE:BTCUSDT,113047.69,1760283108388,5e-05
BINANCE:BTCUSDT,113047.69,1760283108388,5e-05
BINANCE:BTCUSDT,113047.69,1760283108388,5e-05
BINANCE:BTCUSDT,113047.69,1760283108388,0.0001
BINANCE:BTCUSDT,113047.68,1760283108388,0.0001
BINANCE:BTCUSDT,113047.38,1760283108388,5e-05
BINANCE:BTCUSDT,113047.38,1760283108388,5e-05
BINANCE:BTCUSDT,113047.38,1760283108388,5e-05
BINANCE:BTCUSDT,113044.86,1760283108388,9e-05
BINANCE:BTCUSDT,113044.42,1760283108490,0.003
BINANCE:BTCUSDT,113044.42,1760283108490,0.0001
BINANCE:BTCUSDT,113044.42,1760283108490,5e-05
BINANCE:BTCUSDT,113044.42,1760283108490,5e-05
BINANCE:BTCUSDT,113044.42,1760283108490,5e-05
BINANCE:BTCUSDT,113044.42,1760283108490,5e-05
BINANCE:BTCUSDT,113044.42,1760283108490,5e-05
BINANCE:BTCUSDT,113044.42,1760283108490,5e-05
BINANCE:BTCUSDT,113044.42,1760283108490,5e-05
BINANCE:BTCUSDT,113044.42,1760283108490,5e-05
BINANCE:BTCUSDT,113044.42,1760283108490,5e-05
BINANCE:BTCUSDT,113044.42,1760283108490,5e-05
BINANCE:BTCUSDT,113044.42,1760283108490,0.00045
BINANCE:BTCUSDT,113044.42,1760283108490,5e-05
BINANCE:BTCUSDT,113044.42,1760283108490,5e-05
BINANCE:BTCUSDT,113044.42,1760283108490,5e-05
BINANCE:BTCUSDT,113044.42,1760283108490,5e-05
BINANCE:BTCUSDT,113044.42,1760283108490,5e-05
BINANCE:BTCUSDT,113044.42,1760283108490,5e-05
BINANCE:BTCUSDT,113044.42,1760283108490,5e-05
BINANCE:BTCUSDT,113044.42,1760283108490,5e-05
BINANCE:BTCUSDT,113044.41,1760283108490,5e-05
BINANCE:BTCUSDT,113044.41,1760283108490,5e-05
BINANCE:BTCUSDT,113044.41,1760283108490,5e-05
BINANCE:BTCUSDT,113044.41,1760283108490,5e-05
BINANCE:BTCUSDT,113044.41,1760283108490,5e-05
BINANCE:BTCUSDT,113044.41,1760283108490,5e-05
BINANCE:BTCUSDT,113044.41,1760283108490,5e-05
BINANCE:BTCUSDT,113044.41,1760283108490,5e-05
BINANCE:BTCUSDT,113044.41,1760283108490,5e-05
BINANCE:BTCUSDT,113044.41,1760283108490,0.0001
BINANCE:BTCUSDT,113044.4,1760283108490,0.0001
BINANCE:BTCUSDT,113044.35,1760283108490,9e-05
BINANCE:BTCUSDT,113043.43,1760283108494,5e-05
BINANCE:BTCUSDT,113043.43,1760283108494,5e-05
BINANCE:BTCUSDT,113043.43,1760283108494,5e-05
BINANCE:BTCUSDT,113043.42,1760283108494,5e-05
BINANCE:BTCUSDT,113043.42,1760283108494,5e-05
BINANCE:BTCUSDT,113042.97,1760283108494,5e-05
BINANCE:BTCUSDT,113042.97,1760283108494,5e-05
BINANCE:BTCUSDT,113042.97,1760283108494,5e-05
BINANCE:BTCUSDT,113042.96,1760283108494,5e-05
BINANCE:BTCUSDT,113042.96,1760283108494,5e-05
BINANCE:BTCUSDT,113042.96,1760283108494,0.02874
BINANCE:BTCUSDT,113042.96,1760283108494,5e-05
BINANCE:BTCUSDT,113042.96,1760283108494,5e-05
BINANCE:BTCUSDT,113042.96,1760283108494,5e-05
BINANCE:BTCUSDT,113042.96,1760283108494,0.0001
BINANCE:BTCUSDT,113042.96,1760283108494,5e-05
BINANCE:BTCUSDT,113042.96,1760283108494,5e-05
BINANCE:BTCUSDT,113042.96,1760283108494,5e-05
BINANCE:BTCUSDT,113042.95,1760283108494,0.04423
BINANCE:BTCUSDT,113042.95,1760283108494,5e-05
BINANCE:BTCUSDT,113042.95,1760283108494,5e-05
BINANCE:BTCUSDT,113042.95,1760283108494,5e-05
BINANCE:BTCUSDT,113042.95,1760283108494,5e-05
BINANCE:BTCUSDT,113042.95,1760283108494,5e-05
BINANCE:BTCUSDT,113042.94,1760283108494,0.0001
BINANCE:BTCUSDT,113042.72,1760283108494,7e-05
BINANCE:BTCUSDT,113025.59,1760283108862,0.04425
BINANCE:BTCUSDT,113041.7,1760283108517,5e-05
BINANCE:BTCUSDT,113041.7,1760283108517,5e-05
BINANCE:BTCUSDT,113041.7,1760283108517,5e-05
BINANCE:BTCUSDT,113041.7,1760283108517,5e-05
BINANCE:BTCUSDT,113041.7,1760283108517,5e-05
BINANCE:BTCUSDT,113041.7,1760283108517,5e-05
BINANCE:BTCUSDT,113041.7,1760283108517,5e-05
BINANCE:BTCUSDT,113041.7,1760283108517,5e-05
BINANCE:BTCUSDT,113041.7,1760283108517,5e-05
BINANCE:BTCUSDT,113041.7,1760283108517,5e-05
BINANCE:BTCUSDT,113041.7,1760283108517,5e-05
BINANCE:BTCUSDT,113041.7,1760283108517,5e-05
BINANCE:BTCUSDT,113041.7,1760283108517,5e-05
BINANCE:BTCUSDT,113041.7,1760283108517,5e-05
BINANCE:BTCUSDT,113041.7,1760283108517,5e-05
BINANCE:BTCUSDT,113041.69,1760283108517,5e-05
BINANCE:BTCUSDT,113041.69,1760283108517,5e-05
BINANCE:BTCUSDT,113041.69,1760283108517,5e-05
BINANCE:BTCUSDT,113041.69,1760283108517,5e-05
BINANCE:BTCUSDT,113041.69,1760283108517,5e-05
BINANCE:BTCUSDT,113041.69,1760283108517,5e-05
BINANCE:BTCUSDT,113041.65,1760283108517,5e-05
BINANCE:BTCUSDT,113041.65,1760283108517,5e-05
BINANCE:BTCUSDT,113040.36,1760283108517,5e-05
BINANCE:BTCUSDT,113039.92,1760283108517,5e-05
BINANCE:BTCUSDT,113039.92,1760283108517,5e-05
BINANCE:BTCUSDT,113039.23,1760283108517,5e-05
BINANCE:BTCUSDT,113039.23,1760283108517,5e-05
BINANCE:BTCUSDT,113039.23,1760283108517,5e-05
BINANCE:BTCUSDT,113039.22,1760283108556,5e-05
BINANCE:BTCUSDT,113039.22,1760283108556,5e-05
BINANCE:BTCUSDT,113039.22,1760283108556,5e-05
BINANCE:BTCUSDT,113039.22,1760283108556,5e-05
BINANCE:BTCUSDT,113039.22,1760283108556,5e-05
BINANCE:BTCUSDT,113039.22,1760283108556,5e-05
BINANCE:BTCUSDT,113039.22,1760283108556,5e-05
BINANCE:BTCUSDT,113039.22,1760283108556,5e-05
BINANCE:BTCUSDT,113039.22,1760283108556,5e-05
BINANCE:BTCUSDT,113039.22,1760283108556,5e-05
BINANCE:BTCUSDT,113039.22,1760283108556,5e-05
BINANCE:BTCUSDT,113039.22,1760283108556,5e-05
BINANCE:BTCUSDT,113039.22,1760283108556,5e-05
BINANCE:BTCUSDT,113039.22,1760283108556,5e-05
BINANCE:BTCUSDT,113039.22,1760283108556,5e-05
BINANCE:BTCUSDT,113039.22,1760283108556,0.00012
BINANCE:BTCUSDT,113039.22,1760283108674,5e-05
BINANCE:BTCUSDT,113039.22,1760283108674,5e-05
BINANCE:BTCUSDT,113039.22,1760283108674,5e-05
BINANCE:BTCUSDT,113039.22,1760283108674,5e-05
BINANCE:BTCUSDT,113039.22,1760283108674,5e-05
BINANCE:BTCUSDT,113039.22,1760283108674,5e-05
BINANCE:BTCUSDT,113039.22,1760283108674,5e-05
BINANCE:BTCUSDT,113039.22,1760283108674,5e-05
BINANCE:BTCUSDT,113039.22,1760283108674,5e-05
BINANCE:BTCUSDT,113039.22,1760283108674,5e-05
BINANCE:BTCUSDT,113039.22,1760283108674,5e-05
BINANCE:BTCUSDT,113039.21,1760283108674,5e-05
BINANCE:BTCUSDT,113039.21,1760283108674,5e-05
BINANCE:BTCUSDT,113039.21,1760283108674,5e-05
BINANCE:BTCUSDT,113039.21,1760283108674,5e-05
BINANCE:BTCUSDT,113039.21,1760283108674,5e-05
BINANCE:BTCUSDT,113039.21,1760283108674,5e-05
BINANCE:BTCUSDT,113039.21,1760283108674,5e-05
BINANCE:BTCUSDT,113039.21,1760283108674,5e-05
BINANCE:BTCUSDT,113039.21,1760283108674,5e-05
BINANCE:BTCUSDT,113039.21,1760283108674,5e-05
BINANCE:BTCUSDT,113039.21,1760283108674,5e-05
BINANCE:BTCUSDT,113039.14,1760283108674,9e-05
BINANCE:BTCUSDT,113035.67,1760283108679,5e-05
BINANCE:BTCUSDT,113035.67,1760283108679,5e-05
BINANCE:BTCUSDT,113035.67,1760283108679,5e-05
BINANCE:BTCUSDT,113035.67,1760283108679,5e-05
BINANCE:BTCUSDT,113035.67,1760283108679,5e-05
BINANCE:BTCUSDT,113035.67,1760283108679,5e-05
BINANCE:BTCUSDT,113035.67,1760283108679,5e-05
BINANCE:BTCUSDT,113035.67,1760283108679,5e-05
BINANCE:BTCUSDT,113035.67,1760283108679,5e-05
BINANCE:BTCUSDT,113035.67,1760283108679,5e-05
BINANCE:BTCUSDT,113035.67,1760283108679,5e-05
BINANCE:BTCUSDT,113035.67,1760283108679,5e-05
BINANCE:BTCUSDT,113035.67,1760283108679,5e-05
BINANCE:BTCUSDT,113035.67,1760283108679,5e-05
BINANCE:BTCUSDT,113035.67,1760283108679,5e-05
BINANCE:BTCUSDT,113035.66,1760283108679,5e-05
BINANCE:BTCUSDT,113035.66,1760283108679,5e-05
BINANCE:BTCUSDT,113035.66,1760283108679,5e-05
BINANCE:BTCUSDT,113035.66,1760283108679,5e-05
BINANCE:BTCUSDT,113035.66,1760283108679,5e-05
BINANCE:BTCUSDT,113035.66,1760283108679,5e-05
BINANCE:BTCUSDT,113035.66,1760283108679,5e-05
BINANCE:BTCUSDT,113035.62,1760283108679,5e-05
BINANCE:BTCUSDT,113035.62,1760283108679,5e-05
BINANCE:BTCUSDT,113035.62,1760283108679,5e-05
BINANCE:BTCUSDT,113035.61,1760283108679,5e-05
BINANCE:BTCUSDT,113035.61,1760283108679,0.03538
BINANCE:BTCUSDT,113035.61,1760283108679,0.03538
BINANCE:BTCUSDT,113035.61,1760283108679,0.00816
BINANCE:BTCUSDT,113035.61,1760283108679,5e-05
BINANCE:BTCUSDT,113035.61,1760283108679,5e-05
BINANCE:BTCUSDT,113035.61,1760283108679,5e-05
BINANCE:BTCUSDT,113035.61,1760283108679,5e-05
BINANCE:BTCUSDT,113035.61,1760283108679,5e-05
BINANCE:BTCUSDT,113035.61,1760283108679,5e-05
BINANCE:BTCUSDT,113035.59,1760283108679,5e-05
BINANCE:BTCUSDT,113034.8,1760283108682,5e-05
BINANCE:BTCUSDT,113034.62,1760283108682,5e-05
BINANCE:BTCUSDT,113034.62,1760283108682,5e-05
BINANCE:BTCUSDT,113034.62,1760283108682,5e-05
BINANCE:BTCUSDT,113034.49,1760283108682,5e-05
BINANCE:BTCUSDT,113034.49,1760283108682,5e-05
BINANCE:BTCUSDT,113034.49,1760283108682,5e-05
BINANCE:BTCUSDT,113034.48,1760283108682,0.04423
BINANCE:BTCUSDT,113034.48,1760283108682,5e-05
BINANCE:BTCUSDT,113034.48,1760283108682,5e-05
BINANCE:BTCUSDT,113034.48,1760283108682,5e-05
BINANCE:BTCUSDT,113034.48,1760283108682,5e-05
BINANCE:BTCUSDT,113034.48,1760283108682,5e-05
BINANCE:BTCUSDT,113033.92,1760283108684,5e-05
BINANCE:BTCUSDT,113033.92,1760283108724,0.00526
BINANCE:BTCUSDT,113033.92,1760283108724,5e-05
BINANCE:BTCUSDT,113033.92,1760283108724,5e-05
BINANCE:BTCUSDT,113033.92,1760283108724,5e-05
BINANCE:BTCUSDT,113033.92,1760283108724,5e-05
BINANCE:BTCUSDT,113033.92,1760283108724,5e-05
BINANCE:BTCUSDT,113033.92,1760283108724,5e-05
BINANCE:BTCUSDT,113033.92,1760283108724,5e-05
BINANCE:BTCUSDT,113033.92,1760283108724,5e-05
BINANCE:BTCUSDT,113033.92,1760283108724,5e-05
BINANCE:BTCUSDT,113033.92,1760283108724,5e-05
BINANCE:BTCUSDT,113033.92,1760283108724,5e-05
BINANCE:BTCUSDT,113033.92,1760283108724,5e-05
BINANCE:BTCUSDT,113033.92,1760283108724,5e-05
BINANCE:BTCUSDT,113033.92,1760283108724,5e-05
BINANCE:BTCUSDT,113033.91,1760283108724,5e-05
BINANCE:BTCUSDT,113033.91,1760283108724,5e-05
BINANCE:BTCUSDT,113033.22,1760283108726,5e-05
BINANCE:BTCUSDT,113033.22,1760283108726,5e-05
BINANCE:BTCUSDT,113033.22,1760283108726,5e-05
BINANCE:BTCUSDT,113033.22,1760283108726,5e-05
BINANCE:BTCUSDT,113033.22,1760283108726,5e-05
BINANCE:BTCUSDT,113033.21,1760283108726,0.05411
BINANCE:BTCUSDT,113033.21,1760283108726,5e-05
BINANCE:BTCUSDT,113033.21,1760283108726,5e-05
BINANCE:BTCUSDT,113033.21,1760283108726,5e-05
BINANCE:BTCUSDT,113033.21,1760283108726,5e-05
BINANCE:BTCUSDT,113033.21,1760283108726,5e-05
BINANCE:BTCUSDT,113032.35,1760283108727,5e-05
BINANCE:BTCUSDT,113032.31,1760283108727,5e-05
BINANCE:BTCUSDT,113032.31,1760283108727,5e-05
BINANCE:BTCUSDT,113032.31,1760283108727,5e-05
BINANCE:BTCUSDT,113030.87,1760283108728,9e-05
BINANCE:BTCUSDT,113030.42,1760283108728,5e-05
BINANCE:BTCUSDT,113030.42,1760283108728,5e-05
BINANCE:BTCUSDT,113025.58,1760283108972,0.00011
BINANCE:BTCUSDT,113025.58,1760283109016,5e-05
BINANCE:BTCUSDT,113025.58,1760283109016,5e-05
BINANCE:BTCUSDT,113025.58,1760283109016,5e-05
BINANCE:BTCUSDT,113025.58,1760283109016,0.00055
BINANCE:BTCUSDT,113025.58,1760283109016,5e-05
BINANCE:BTCUSDT,113025.58,1760283109016,5e-05
BINANCE:BTCUSDT,113025.58,1760283109016,5e-05
BINANCE:BTCUSDT,113025.58,1760283109016,5e-05
BINANCE:BTCUSDT,113025.58,1760283109016,5e-05
BINANCE:BTCUSDT,113025.58,1760283109016,5e-05
BINANCE:BTCUSDT,113025.58,1760283109016,5e-05
BINANCE:BTCUSDT,113025.58,1760283109016,5e-05
BINANCE:BTCUSDT,113025.58,1760283109016,5e-05
BINANCE:BTCUSDT,113025.58,1760283109016,5e-05
BINANCE:BTCUSDT,113025.58,1760283109016,0.0001
BINANCE:BTCUSDT,113025.58,1760283109016,5e-05
BINANCE:BTCUSDT,113025.58,1760283109016,5e-05
BINANCE:BTCUSDT,113025.58,1760283109016,5e-05
BINANCE:BTCUSDT,113025.58,1760283109016,5e-05
BINANCE:BTCUSDT,113025.58,1760283109016,5e-05
BINANCE:BTCUSDT,113025.58,1760283109016,5e-05
BINANCE:BTCUSDT,113025.58,1760283109016,5e-05
BINANCE:BTCUSDT,113025.57,1760283109016,5e-05
BINANCE:BTCUSDT,113025.57,1760283109016,5e-05
BINANCE:BTCUSDT,113025.57,1760283109016,5e-05
BINANCE:BTCUSDT,113025.57,1760283109016,5e-05
BINANCE:BTCUSDT,113025.57,1760283109016,5e-05
BINANCE:BTCUSDT,113025.57,1760283109016,5e-05
BINANCE:BTCUSDT,113025.57,1760283109016,0.0001
BINANCE:BTCUSDT,113025.57,1760283109016,5e-05
BINANCE:BTCUSDT,113025.51,1760283109016,9e-05
BINANCE:BTCUSDT,113024.34,1760283109016,5e-05
BINANCE:BTCUSDT,113024.34,1760283109016,0.0001
BINANCE:BTCUSDT,113023.68,1760283109016,5e-05
BINANCE:BTCUSDT,113022.55,1760283109016,5e-05
BINANCE:BTCUSDT,113022.55,1760283109016,5e-05
BINANCE:BTCUSDT,113022.55,1760283109016,5e-05
BINANCE:BTCUSDT,113022.53,1760283109016,5e-05
BINANCE:BTCUSDT,113021.81,1760283109016,0.003
BINANCE:BTCUSDT,113021.81,1760283109016,5e-05
BINANCE:BTCUSDT,113021.81,1760283109016,5e-05
BINANCE:BTCUSDT,113021.81,1760283109016,5e-05
BINANCE:BTCUSDT,113021.63,1760283109016,0.00531
BINANCE:BTCUSDT,113020.76,1760283109016,5e-05
BINANCE:BTCUSDT,113020.18,1760283109016,5e-05
BINANCE:BTCUSDT,113020.18,1760283109016,5e-05
BINANCE:BTCUSDT,113020.18,1760283109016,5e-05
BINANCE:BTCUSDT,113018.12,1760283109016,5e-05
BINANCE:BTCUSDT,113017.22,1760283109016,0.003
BINANCE:BTCUSDT,113017.22,1760283109016,5e-05
BINANCE:BTCUSDT,113017.22,1760283109016,5e-05
BINANCE:BTCUSDT,113017.22,1760283109016,5e-05
BINANCE:BTCUSDT,113017.09,1760283109016,5e-05
BINANCE:BTCUSDT,113016.1,1760283109016,5e-05
BINANCE:BTCUSDT,113016.1,1760283109016,5e-05
BINANCE:BTCUSDT,113016.1,1760283109016,5e-05
BINANCE:BTCUSDT,113016.1,1760283109259,0.003
BINANCE:BTCUSDT,113016.1,1760283109290,0.00883
BINANCE:BTCUSDT,113016.1,1760283109992,0.03679
BINANCE:BTCUSDT,113016.09,1760283109360,0.00083
BINANCE:BTCUSDT,113016.09,1760283110015,7e-05
BINANCE:BTCUSDT,113016.09,1760283109361,0.00591
BINANCE:BTCUSDT,113016.09,1760283110016,0.00022
BINANCE:BTCUSDT,113016.09,1760283110016,7e-05
BINANCE:BTCUSDT,113016.09,1760283110018,7e-05
BINANCE:BTCUSDT,113016.09,1760283110018,6e-05
BINANCE:BTCUSDT,113016.09,1760283110019,5e-05
BINANCE:BTCUSDT,113016.09,1760283110026,9e-05
BINANCE:BTCUSDT,113016.09,1760283109467,0.00135
BINANCE:BTCUSDT,113016.09,1760283109536,0.00016
BINANCE:BTCUSDT,113016.09,1760283110598,7e-05
BINANCE:BTCUSDT,113016.1,1760283110635,9e-05
BINANCE:BTCUSDT,113016.1,1760283110697,0.17208
BINANCE:BTCUSDT,113016.1,1760283110697,0.00045
BINANCE:BTCUSDT,113016.1,1760283110697,0.08115
BINANCE:BTCUSDT,113016.1,1760283110697,0.03523
BINANCE:BTCUSDT,113016.1,1760283110697,0.03671
BINANCE:BTCUSDT,113016.1,1760283110698,0.0017
BINANCE:BTCUSDT,113016.1,1760283110700,0.01464
BINANCE:BTCUSDT,113016.1,1760283110700,0.05304
BINANCE:BTCUSDT,113016.1,1760283110700,0.05304
BINANCE:BTCUSDT,113016.1,1760283110700,0.05304
BINANCE:BTCUSDT,113016.1,1760283110700,0.0001
BINANCE:BTCUSDT,113016.1,1760283110700,5e-05
BINANCE:BTCUSDT,113016.1,1760283110700,0.00154
BINANCE:BTCUSDT,113016.1,1760283110700,5e-05
BINANCE:BTCUSDT,113016.1,1760283110700,5e-05
BINANCE:BTCUSDT,113016.1,1760283110700,0.0007
BINANCE:BTCUSDT,113016.1,1760283110700,5e-05
BINANCE:BTCUSDT,113016.1,1760283110700,5e-05
BINANCE:BTCUSDT,113016.1,1760283110700,5e-05
BINANCE:BTCUSDT,113016.1,1760283110700,5e-05
BINANCE:BTCUSDT,113016.1,1760283110700,5e-05
BINANCE:BTCUSDT,113016.1,1760283110700,5e-05
BINANCE:BTCUSDT,113016.1,1760283110700,5e-05
BINANCE:BTCUSDT,113016.1,1760283110700,5e-05
BINANCE:BTCUSDT,113016.1,1760283110700,5e-05
BINANCE:BTCUSDT,113016.1,1760283110700,5e-05
BINANCE:BTCUSDT,113016.1,1760283110700,5e-05
BINANCE:BTCUSDT,113016.1,1760283110700,5e-05
BINANCE:BTCUSDT,113016.11,1760283110700,0.0001
BINANCE:BTCUSDT,113016.18,1760283110700,9e-05
BINANCE:BTCUSDT,113016.26,1760283110700,0.0003
BINANCE:BTCUSDT,113016.26,1760283110703,0.00855
BINANCE:BTCUSDT,113016.26,1760283110703,5e-05
BINANCE:BTCUSDT,113016.26,1760283110703,0.0001
BINANCE:BTCUSDT,113016.26,1760283110703,5e-05
BINANCE:BTCUSDT,113016.26,1760283110703,5e-05
BINANCE:BTCUSDT,113016.26,1760283110703,5e-05
BINANCE:BTCUSDT,113016.27,1760283110703,0.0001
BINANCE:BTCUSDT,113016.48,1760283110703,5e-05
BINANCE:BTCUSDT,113016.48,1760283110703,5e-05
BINANCE:BTCUSDT,113016.48,1760283110703,5e-05
BINANCE:BTCUSDT,113016.49,1760283110703,0.01327
BINANCE:BTCUSDT,113016.49,1760283110703,0.0001
BINANCE:BTCUSDT,113016.49,1760283110703,5e-05
BINANCE:BTCUSDT,113016.49,1760283110703,5e-05
BINANCE:BTCUSDT,113016.49,1760283110703,5e-05
BINANCE:BTCUSDT,113016.49,1760283110703,5e-05
BINANCE:BTCUSDT,113016.49,1760283110703,5e-05
BINANCE:BTCUSDT,113016.5,1760283110703,4e-05
BINANCE:BTCUSDT,113016.5,1760283110703,6e-05
BINANCE:BTCUSDT,113019.53,1760283110723,0.0001
BINANCE:BTCUSDT,113019.53,1760283110723,5e-05
BINANCE:BTCUSDT,113019.53,1760283110723,5e-05
BINANCE:BTCUSDT,113019.53,1760283110723,5e-05
BINANCE:BTCUSDT,113019.53,1760283110723,5e-05
BINANCE:BTCUSDT,113019.53,1760283110723,5e-05
BINANCE:BTCUSDT,113019.54,1760283110723,5e-05
BINANCE:BTCUSDT,113019.54,1760283110723,5e-05
BINANCE:BTCUSDT,113019.54,1760283110723,0.0001
BINANCE:BTCUSDT,113019.54,1760283110723,5e-05
BINANCE:BTCUSDT,113019.54,1760283110723,5e-05
BINANCE:BTCUSDT,113019.54,1760283110723,5e-05
BINANCE:BTCUSDT,113019.54,1760283110723,5e-05
BINANCE:BTCUSDT,113019.55,1760283110723,0.02272
BINANCE:BTCUSDT,113019.55,1760283110725,0.01728
BINANCE:BTCUSDT,113019.55,1760283110725,0.0001
BINANCE:BTCUSDT,113019.55,1760283110725,5e-05
BINANCE:BTCUSDT,113019.55,1760283110725,5e-05
BINANCE:BTCUSDT,113019.55,1760283110725,5e-05
BINANCE:BTCUSDT,113019.55,1760283110725,5e-05
BINANCE:BTCUSDT,113019.55,1760283110725,5e-05
BINANCE:BTCUSDT,113019.56,1760283110725,0.0001
BINANCE:BTCUSDT,113019.61,1760283110728,9e-05
BINANCE:BTCUSDT,113019.61,1760283110728,0.0001
BINANCE:BTCUSDT,113019.61,1760283110728,5e-05
BINANCE:BTCUSDT,113020.75,1760283110742,5e-05
BINANCE:BTCUSDT,113020.75,1760283110742,0.0001
BINANCE:BTCUSDT,113020.75,1760283110742,5e-05
BINANCE:BTCUSDT,113020.75,1760283110742,5e-05
BINANCE:BTCUSDT,113020.75,1760283110742,5e-05
BINANCE:BTCUSDT,113020.75,1760283110742,5e-05
BINANCE:BTCUSDT,113020.75,1760283110742,5e-05
BINANCE:BTCUSDT,113020.75,1760283110742,5e-05
BINANCE:BTCUSDT,113020.75,1760283110742,5e-05
BINANCE:BTCUSDT,113020.76,1760283110742,0.0001
BINANCE:BTCUSDT,113025.59,1760283110795,5e-05
BINANCE:BTCUSDT,113025.59,1760283110795,0.0001
BINANCE:BTCUSDT,113025.59,1760283110795,5e-05
BINANCE:BTCUSDT,113025.59,1760283110795,5e-05
BINANCE:BTCUSDT,113025.59,1760283110795,5e-05
BINANCE:BTCUSDT,113025.59,1760283110795,5e-05
BINANCE:BTCUSDT,113025.59,1760283110795,5e-05
BINANCE:BTCUSDT,113025.59,1760283110795,0.00525
BINANCE:BTCUSDT,113025.59,1760283110795,5e-05
BINANCE:BTCUSDT,113025.59,1760283110795,5e-05
BINANCE:BTCUSDT,113025.6,1760283110795,0.0001
BINANCE:BTCUSDT,113025.65,1760283110795,5e-05
BINANCE:BTCUSDT,113025.75,1760283110795,5e-05
BINANCE:BTCUSDT,113025.75,1760283110795,5e-05
BINANCE:BTCUSDT,113025.75,1760283110795,5e-05
BINANCE:BTCUSDT,113025.76,1760283110795,5e-05
BINANCE:BTCUSDT,113025.76,1760283110795,5e-05
BINANCE:BTCUSDT,113025.76,1760283110795,5e-05
BINANCE:BTCUSDT,113025.76,1760283110795,0.0001
BINANCE:BTCUSDT,113025.76,1760283110795,5e-05
BINANCE:BTCUSDT,113025.76,1760283110795,5e-05
BINANCE:BTCUSDT,113025.77,1760283110795,0.0001
BINANCE:BTCUSDT,113026.92,1760283110795,5e-05
BINANCE:BTCUSDT,113026.92,1760283110795,5e-05
BINANCE:BTCUSDT,113026.92,1760283110795,5e-05
BINANCE:BTCUSDT,113027.41,1760283110795,0.003
BINANCE:BTCUSDT,113027.41,1760283110795,0.0001
BINANCE:BTCUSDT,113027.42,1760283110795,0.0001
BINANCE:BTCUSDT,113029,1760283110795,5e-05
BINANCE:BTCUSDT,113029.21,1760283110799,5e-05
BINANCE:BTCUSDT,113029.21,1760283110799,5e-05
BINANCE:BTCUSDT,113029.21,1760283110799,5e-05
BINANCE:BTCUSDT,113029.21,1760283110799,5e-05
BINANCE:BTCUSDT,113029.21,1760283110799,5e-05
BINANCE:BTCUSDT,113029.21,1760283110799,5e-05
BINANCE:BTCUSDT,113029.21,1760283110799,5e-05
BINANCE:BTCUSDT,113029.21,1760283110799,5e-05
BINANCE:BTCUSDT,113029.54,1760283110799,0.00531
BINANCE:BTCUSDT,113029.54,1760283110799,5e-05
BINANCE:BTCUSDT,113029.54,1760283110799,5e-05
BINANCE:BTCUSDT,113029.54,1760283110799,5e-05
BINANCE:BTCUSDT,113029.54,1760283110799,5e-05
BINANCE:BTCUSDT,113030.33,1760283110799,9e-05
BINANCE:BTCUSDT,113030.73,1760283110799,9e-05
BINANCE:BTCUSDT,113030.87,1760283110799,5e-05
BINANCE:BTCUSDT,113030.87,1760283110799,5e-05
BINANCE:BTCUSDT,113030.87,1760283110799,5e-05
BINANCE:BTCUSDT,113030.88,1760283110799,5e-05
BINANCE:BTCUSDT,113030.88,1760283110799,5e-05
BINANCE:BTCUSDT,113030.88,1760283110799,5e-05
BINANCE:BTCUSDT,113030.88,1760283110799,5e-05
BINANCE:BTCUSDT,113030.88,1760283110799,5e-05
BINANCE:BTCUSDT,113031.56,1760283110799,7e-05
BINANCE:BTCUSDT,113031.62,1760283110799,5e-05
BINANCE:BTCUSDT,113031.62,1760283110799,5e-05
BINANCE:BTCUSDT,113031.62,1760283110799,5e-05
BINANCE:BTCUSDT,113031.63,1760283110799,5e-05
BINANCE:BTCUSDT,113031.63,1760283110799,5e-05
BINANCE:BTCUSDT,113032.37,1760283110799,0.0007
BINANCE:BTCUSDT,113034.98,1760283110799,5e-05
BINANCE:BTCUSDT,113034.98,1760283110799,5e-05
BINANCE:BTCUSDT,113034.98,1760283110799,5e-05
BINANCE:BTCUSDT,113035.98,1760283110799,9e-05
BINANCE:BTCUSDT,113038.71,1760283110799,0.0011
BINANCE:BTCUSDT,113038.71,1760283110816,0.0019
BINANCE:BTCUSDT,113038.71,1760283110816,9e-05
BINANCE:BTCUSDT,113038.71,1760283110928,0.00051
BINANCE:BTCUSDT,113038.71,1760283110928,0.00634
BINANCE:BTCUSDT,113038.7,1760283111016,0.00615
BINANCE:BTCUSDT,113038.71,1760283111104,0.00045
BINANCE:BTCUSDT,113038.71,1760283111104,0.0001
BINANCE:BTCUSDT,113038.71,1760283111104,5e-05
BINANCE:BTCUSDT,113038.71,1760283111104,5e-05
BINANCE:BTCUSDT,113038.71,1760283111104,5e-05
BINANCE:BTCUSDT,113038.71,1760283111104,5e-05
BINANCE:BTCUSDT,113038.71,1760283111104,5e-05
BINANCE:BTCUSDT,113038.71,1760283111104,5e-05
BINANCE:BTCUSDT,113038.71,1760283111104,5e-05
BINANCE:BTCUSDT,113038.71,1760283111104,5e-05
BINANCE:BTCUSDT,113038.71,1760283111104,5e-05
BINANCE:BTCUSDT,113038.71,1760283111104,5e-05
BINANCE:BTCUSDT,113038.71,1760283111104,5e-05
BINANCE:BTCUSDT,113038.71,1760283111104,5e-05
BINANCE:BTCUSDT,113038.71,1760283111104,5e-05
BINANCE:BTCUSDT,113038.71,1760283111104,5e-05
BINANCE:BTCUSDT,113038.71,1760283111104,5e-05
BINANCE:BTCUSDT,113038.71,1760283111104,5e-05
BINANCE:BTCUSDT,113038.71,1760283111104,5e-05
BINANCE:BTCUSDT,113038.71,1760283111104,5e-05
BINANCE:BTCUSDT,113038.71,1760283111104,5e-05
BINANCE:BTCUSDT,113038.71,1760283111112,5e-05
BINANCE:BTCUSDT,113038.71,1760283111112,0.0001
BINANCE:BTCUSDT,113038.71,1760283111115,5e-05
BINANCE:BTCUSDT,113038.71,1760283111115,5e-05
BINANCE:BTCUSDT,113038.71,1760283111115,5e-05
BINANCE:BTCUSDT,113038.71,1760283111115,5e-05
BINANCE:BTCUSDT,113038.71,1760283111115,5e-05
BINANCE:BTCUSDT,113038.71,1760283111115,5e-05
BINANCE:BTCUSDT,113038.71,1760283111115,0.0001
BINANCE:BTCUSDT,113038.72,1760283111115,5e-05
BINANCE:BTCUSDT,113038.72,1760283111115,5e-05
BINANCE:BTCUSDT,113038.72,1760283111115,5e-05
BINANCE:BTCUSDT,113038.72,1760283111115,5e-05
BINANCE:BTCUSDT,113038.72,1760283111115,5e-05
BINANCE:BTCUSDT,113038.72,1760283111115,5e-05
BINANCE:BTCUSDT,113038.72,1760283111115,5e-05
BINANCE:BTCUSDT,113038.72,1760283111115,0.0001
BINANCE:BTCUSDT,113038.72,1760283111115,5e-05
BINANCE:BTCUSDT,113038.72,1760283111115,5e-05
BINANCE:BTCUSDT,113038.72,1760283111115,5e-05
BINANCE:BTCUSDT,113038.71,1760283111119,5e-05
BINANCE:BTCUSDT,113038.71,1760283111119,5e-05
BINANCE:BTCUSDT,113038.71,1760283111119,5e-05
BINANCE:BTCUSDT,113038.71,1760283111119,5e-05
BINANCE:BTCUSDT,113038.71,1760283111119,0.0001
BINANCE:BTCUSDT,113038.71,1760283111125,5e-05
BINANCE:BTCUSDT,113038.71,1760283111125,5e-05
BINANCE:BTCUSDT,113038.71,1760283111125,5e-05
BINANCE:BTCUSDT,113038.71,1760283111125,5e-05
BINANCE:BTCUSDT,113038.71,1760283111125,5e-05
BINANCE:BTCUSDT,113038.71,1760283111125,5e-05
BINANCE:BTCUSDT,113038.71,1760283111125,5e-05
BINANCE:BTCUSDT,113038.71,1760283111125,1e-05
BINANCE:BTCUSDT,113038.71,1760283111186,4e-05
BINANCE:BTCUSDT,113038.71,1760283111186,1e-05
BINANCE:BTCUSDT,113038.7,1760283111187,0.00027
BINANCE:BTCUSDT,113038.71,1760283111188,4e-05
BINANCE:BTCUSDT,113038.71,1760283111188,5e-05
BINANCE:BTCUSDT,113038.71,1760283111188,5e-05
BINANCE:BTCUSDT,113038.71,1760283111188,5e-05
BINANCE:BTCUSDT,113038.71,1760283111188,5e-05
BINANCE:BTCUSDT,113038.71,1760283111188,5e-05
BINANCE:BTCUSDT,113038.71,1760283111188,5e-05
BINANCE:BTCUSDT,113038.71,1760283111188,5e-05
BINANCE:BTCUSDT,113038.71,1760283111188,5e-05
BINANCE:BTCUSDT,113038.71,1760283111188,0.0001
BINANCE:BTCUSDT,113038.71,1760283111188,5e-05
BINANCE:BTCUSDT,113038.71,1760283111188,5e-05
BINANCE:BTCUSDT,113038.71,1760283111188,5e-05
BINANCE:BTCUSDT,113038.71,1760283111188,5e-05
BINANCE:BTCUSDT,113038.71,1760283111188,5e-05
BINANCE:BTCUSDT,113038.71,1760283111188,5e-05
BINANCE:BTCUSDT,113038.71,1760283111188,5e-05
BINANCE:BTCUSDT,113038.72,1760283111188,5e-05
BINANCE:BTCUSDT,113038.72,1760283111188,5e-05
BINANCE:BTCUSDT,113038.72,1760283111188,5e-05
BINANCE:BTCUSDT,113038.72,1760283111188,5e-05
BINANCE:BTCUSDT,113038.72,1760283111188,5e-05
BINANCE:BTCUSDT,113038.72,1760283111188,0.0001
BINANCE:BTCUSDT,113038.72,1760283111188,5e-05
BINANCE:BTCUSDT,113038.72,1760283111188,5e-05
BINANCE:BTCUSDT,113038.72,1760283111188,5e-05
BINANCE:BTCUSDT,113038.72,1760283111188,5e-05
BINANCE:BTCUSDT,113038.72,1760283111188,5e-05
BINANCE:BTCUSDT,113038.72,1760283111188,5e-05
BINANCE:BTCUSDT,113038.72,1760283111188,5e-05
BINANCE:BTCUSDT,113038.72,1760283111188,5e-05
BINANCE:BTCUSDT,113038.72,1760283111188,5e-05
BINANCE:BTCUSDT,113038.72,1760283111188,5e-05
BINANCE:BTCUSDT,113038.72,1760283111188,5e-05
BINANCE:BTCUSDT,113038.72,1760283111188,5e-05
BINANCE:BTCUSDT,113038.73,1760283111188,5e-05
BINANCE:BTCUSDT,113038.73,1760283111188,5e-05
BINANCE:BTCUSDT,113038.73,1760283111188,5e-05
BINANCE:BTCUSDT,113038.73,1760283111188,5e-05
BINANCE:BTCUSDT,113038.73,1760283111188,5e-05
BINANCE:BTCUSDT,113038.73,1760283111188,5e-05
BINANCE:BTCUSDT,113038.73,1760283111188,5e-05
BINANCE:BTCUSDT,113038.73,1760283111188,5e-05
BINANCE:BTCUSDT,113038.73,1760283111188,5e-05
BINANCE:BTCUSDT,113038.73,1760283111188,5e-05
BINANCE:BTCUSDT,113038.73,1760283111188,5e-05
BINANCE:BTCUSDT,113038.73,1760283111188,5e-05
BINANCE:BTCUSDT,113038.79,1760283111188,9e-05
BINANCE:BTCUSDT,113039.74,1760283111188,0.00022
BINANCE:BTCUSDT,113040.36,1760283111188,5e-05
BINANCE:BTCUSDT,113044.23,1760283111188,9e-05
BINANCE:BTCUSDT,113044.75,1760283111188,9e-05
BINANCE:BTCUSDT,113045.44,1760283111188,9e-05
BINANCE:BTCUSDT,113045.92,1760283111188,5e-05
BINANCE:BTCUSDT,113048.05,1760283111188,9e-05
BINANCE:BTCUSDT,113048.24,1760283111188,5e-05
BINANCE:BTCUSDT,113048.24,1760283111188,5e-05
BINANCE:BTCUSDT,113048.24,1760283111188,5e-05
BINANCE:BTCUSDT,113048.25,1760283111188,5e-05
BINANCE:BTCUSDT,113048.25,1760283111188,5e-05
BINANCE:BTCUSDT,113048.25,1760283111188,5e-05
BINANCE:BTCUSDT,113048.25,1760283111188,5e-05
BINANCE:BTCUSDT,113048.25,1760283111188,5e-05
BINANCE:BTCUSDT,113049.53,1760283111188,5e-05
BINANCE:BTCUSDT,113050.54,1760283111188,0.00159
BINANCE:BTCUSDT,113050.53,1760283111225,0.00123
