Symbol,Price,Time,Volume
BINANCE:ETHUSDT,3822.78,1760205234981,0.0021
BINANCE:ETHUSDT,3822.78,1760205235417,0.1067
BINANCE:ETHUSDT,3822.78,1760205235417,0.0536
BINANCE:ETHUSDT,3822.78,1760205235418,0.0536
BINANCE:ETHUSDT,3822.79,1760205235748,0.0237
BINANCE:ETHUSDT,3822.79,1760205236191,0.4531
BINANCE:ETHUSDT,3823.63,1760276608968,0.2452
BINANCE:ETHUSDT,3823.62,1760276610029,0.024
BINANCE:ETHUSDT,3823.63,1760276610148,0.0042
BINANCE:ETHUSDT,3823.62,1760276610368,3.7979
BINANCE:ETHUSDT,3823.62,1760276610368,2.2844
BINANCE:ETHUSDT,3823.62,1760276610368,0.0014
BINANCE:ETHUSDT,3823.62,1760276610368,0.0133
BINANCE:ETHUSDT,3823.62,1760276610368,0.0014
BINANCE:ETHUSDT,3823.62,1760276610368,0.0014
BINANCE:ETHUSDT,3823.62,1760276610368,0.0014
BINANCE:ETHUSDT,3823.62,1760276610368,0.0014
BINANCE:ETHUSDT,3823.62,1760276610368,0.0015
BINANCE:ETHUSDT,3823.62,1760276610368,0.0015
BINANCE:ETHUSDT,3823.62,1760276610368,0.0014
BINANCE:ETHUSDT,3823.62,1760276610368,0.0014
BINANCE:ETHUSDT,3823.62,1760276610368,0.0014
BINANCE:ETHUSDT,3823.62,1760276610368,0.4035
BINANCE:ETHUSDT,3823.62,1760276610369,0.1685
BINANCE:ETHUSDT,3823.61,1760276610369,0.0014
BINANCE:ETHUSDT,3823.61,1760276610369,0.0027
BINANCE:ETHUSDT,3823.6,1760276610370,0.0014
BINANCE:ETHUSDT,3823.6,1760276610370,0.0027
BINANCE:ETHUSDT,3823.59,1760276610370,0.0014
BINANCE:ETHUSDT,3823.56,1760276610370,0.002
BINANCE:ETHUSDT,3823.56,1760276610370,0.0014
BINANCE:ETHUSDT,3823.55,1760276610370,0.0014
BINANCE:ETHUSDT,3823.54,1760276610370,0.0014
BINANCE:ETHUSDT,3823.53,1760276610370,0.0014
BINANCE:ETHUSDT,3823.52,1760276610370,0.0014
BINANCE:ETHUSDT,3823.52,1760276610370,0.0014
BINANCE:ETHUSDT,3823.52,1760276610370,0.0014
BINANCE:ETHUSDT,3823.52,1760276610370,0.0014
BINANCE:ETHUSDT,3823.51,1760276610370,0.1308
BINANCE:ETHUSDT,3823.51,1760276610370,0.1046
BINANCE:ETHUSDT,3823.51,1760276610370,0.0015
BINANCE:ETHUSDT,3823.51,1760276610370,0.0015
BINANCE:ETHUSDT,3823.51,1760276610370,0.0014
BINANCE:ETHUSDT,3823.42,1760276611379,0.2441
BINANCE:ETHUSDT,3823.41,1760276611881,0.0524
BINANCE:ETHUSDT,3823.41,1760276611881,0.0015
BINANCE:ETHUSDT,3823.41,1760276611881,0.0015
BINANCE:ETHUSDT,3823.41,1760276611881,0.0014
BINANCE:ETHUSDT,3823.41,1760276611881,0.0014
BINANCE:ETHUSDT,3823.41,1760276611881,0.0014
BINANCE:ETHUSDT,3823.41,1760276611881,0.0014
BINANCE:ETHUSDT,3823.41,1760276611881,0.0014
BINANCE:ETHUSDT,3823.41,1760276611881,0.0014
BINANCE:ETHUSDT,3823.41,1760276611881,0.0014
BINANCE:ETHUSDT,3823.41,1760276611881,0.0133
BINANCE:ETHUSDT,3823.41,1760276611881,0.0014
BINANCE:ETHUSDT,3823.41,1760276611881,0.0014
BINANCE:ETHUSDT,3823.41,1760276611881,0.0014
BINANCE:ETHUSDT,3823.41,1760276611881,0.0847
BINANCE:ETHUSDT,3802.3,1760276998737,0.9442
BINANCE:ETHUSDT,3802.31,1760276998738,0.0014
BINANCE:ETHUSDT,3802.31,1760276998738,0.0133
BINANCE:ETHUSDT,3802.31,1760276998738,0.0014
BINANCE:ETHUSDT,3802.31,1760276998738,0.0014
BINANCE:ETHUSDT,3802.31,1760276998738,0.0014
BINANCE:ETHUSDT,3802.31,1760276998738,0.0014
BINANCE:ETHUSDT,3802.31,1760276998738,0.0014
BINANCE:ETHUSDT,3802.31,1760276998738,0.0014
BINANCE:ETHUSDT,3802.31,1760276998738,0.0014
BINANCE:ETHUSDT,3802.31,1760276998738,0.0014
BINANCE:ETHUSDT,3802.31,1760276998738,0.0014
BINANCE:ETHUSDT,3802.31,1760276998738,0.0015
BINANCE:ETHUSDT,3802.31,1760276998738,0.0014
BINANCE:ETHUSDT,3802.31,1760276998738,0.0014
BINANCE:ETHUSDT,3802.31,1760276998738,0.0015
BINANCE:ETHUSDT,3802.32,1760276998820,0.0014
BINANCE:ETHUSDT,3802.32,1760276998820,0.0014
BINANCE:ETHUSDT,3802.32,1760276998820,0.0027
BINANCE:ETHUSDT,3802.32,1760276998820,0.0014
BINANCE:ETHUSDT,3802.32,1760276998820,0.0014
BINANCE:ETHUSDT,3802.32,1760276998820,0.0014
BINANCE:ETHUSDT,3802.36,1760276999008,0.0027
BINANCE:ETHUSDT,3802.32,1760276998820,0.0014
BINANCE:ETHUSDT,3802.32,1760276998820,0.0014
BINANCE:ETHUSDT,3802.36,1760276999008,0.0014
BINANCE:ETHUSDT,3802.32,1760276998820,0.0014
BINANCE:ETHUSDT,3802.32,1760276998820,0.0014
BINANCE:ETHUSDT,3802.36,1760276999008,0.0014
BINANCE:ETHUSDT,3802.32,1760276998820,0.0014
BINANCE:ETHUSDT,3802.32,1760276998820,0.0014
BINANCE:ETHUSDT,3802.36,1760276999008,0.0014
BINANCE:ETHUSDT,3802.32,1760276998820,0.0014
BINANCE:ETHUSDT,3802.36,1760276999008,0.0014
BINANCE:ETHUSDT,3802.32,1760276998820,0.0014
BINANCE:ETHUSDT,3802.36,1760276999008,0.0014
BINANCE:ETHUSDT,3802.32,1760276998820,0.0014
BINANCE:ETHUSDT,3802.36,1760276999008,0.0014
BINANCE:ETHUSDT,3802.32,1760276998820,0.0014
BINANCE:ETHUSDT,3802.32,1760276998820,0.0014
BINANCE:ETHUSDT,3802.36,1760276999008,0.0014
BINANCE:ETHUSDT,3802.32,1760276998820,0.0014
BINANCE:ETHUSDT,3802.36,1760276999008,0.0014
BINANCE:ETHUSDT,3802.32,1760276998820,0.0014
BINANCE:ETHUSDT,3802.32,1760276998820,0.0014
BINANCE:ETHUSDT,3802.36,1760276999008,0.0014
BINANCE:ETHUSDT,3802.32,1760276998820,0.0015
BINANCE:ETHUSDT,3802.36,1760276999008,0.0014
BINANCE:ETHUSDT,3802.32,1760276998820,0.0015
BINANCE:ETHUSDT,3802.36,1760276999008,0.0014
BINANCE:ETHUSDT,3802.36,1760276999008,0.0014
BINANCE:ETHUSDT,3802.36,1760276999008,0.0014
BINANCE:ETHUSDT,3802.36,1760276999008,0.0014
BINANCE:ETHUSDT,3802.36,1760276999008,0.0014
BINANCE:ETHUSDT,3802.36,1760276999008,0.0014
BINANCE:ETHUSDT,3802.36,1760276999008,0.0014
BINANCE:ETHUSDT,3802.36,1760276999008,0.0014
BINANCE:ETHUSDT,3802.36,1760276999008,0.0014
BINANCE:ETHUSDT,3802.36,1760276999008,0.0014
BINANCE:ETHUSDT,3802.36,1760276999008,0.0014
BINANCE:ETHUSDT,3802.36,1760276999008,0.0014
BINANCE:ETHUSDT,3802.36,1760276999008,0.0014
BINANCE:ETHUSDT,3802.36,1760276999008,0.0014
BINANCE:ETHUSDT,3802.36,1760276999008,0.0015
BINANCE:ETHUSDT,3802.36,1760276999008,0.0015
BINANCE:ETHUSDT,3802.37,1760276999008,0.0014
BINANCE:ETHUSDT,3802.37,1760276999008,0.0014
BINANCE:ETHUSDT,3802.37,1760276999008,0.0014
BINANCE:ETHUSDT,3802.37,1760276999008,0.0014
BINANCE:ETHUSDT,3802.37,1760276999008,0.0014
BINANCE:ETHUSDT,3802.37,1760276999008,0.0014
BINANCE:ETHUSDT,3802.37,1760276999008,0.0014
BINANCE:ETHUSDT,3802.37,1760276999008,0.0014
BINANCE:ETHUSDT,3802.37,1760276999008,0.0014
BINANCE:ETHUSDT,3802.37,1760276999008,0.0014
BINANCE:ETHUSDT,3802.37,1760276999008,0.0014
BINANCE:ETHUSDT,3802.37,1760276999008,0.0014
BINANCE:ETHUSDT,3802.4,1760276999009,0.0015
BINANCE:ETHUSDT,3802.4,1760276999009,0.0015
BINANCE:ETHUSDT,3802.4,1760276999009,0.026
BINANCE:ETHUSDT,3802.4,1760276999009,0.0014
BINANCE:ETHUSDT,3802.41,1760276999009,0.0527
BINANCE:ETHUSDT,3802.41,1760276999009,0.0264
BINANCE:ETHUSDT,3802.41,1760276999009,0.04
BINANCE:ETHUSDT,3802.41,1760276999009,0.0015
BINANCE:ETHUSDT,3802.41,1760276999009,0.0015
BINANCE:ETHUSDT,3802.41,1760276999009,0.0014
BINANCE:ETHUSDT,3802.33,1760276998926,0.0027
BINANCE:ETHUSDT,3802.33,1760276998926,0.0014
BINANCE:ETHUSDT,3802.33,1760276998926,0.0014
BINANCE:ETHUSDT,3802.33,1760276998926,0.0014
BINANCE:ETHUSDT,3802.33,1760276998926,0.0014
BINANCE:ETHUSDT,3802.33,1760276998926,0.0014
BINANCE:ETHUSDT,3802.33,1760276998926,0.0014
BINANCE:ETHUSDT,3802.33,1760276998926,0.0014
BINANCE:ETHUSDT,3802.33,1760276998926,0.0014
BINANCE:ETHUSDT,3802.33,1760276998926,0.0014
BINANCE:ETHUSDT,3802.33,1760276998926,0.0014
BINANCE:ETHUSDT,3802.33,1760276998926,0.0014
BINANCE:ETHUSDT,3802.33,1760276998926,0.0014
BINANCE:ETHUSDT,3802.33,1760276998926,0.0014
BINANCE:ETHUSDT,3802.33,1760276998926,0.0014
BINANCE:ETHUSDT,3802.33,1760276998926,0.0014
BINANCE:ETHUSDT,3802.33,1760276998926,0.0014
BINANCE:ETHUSDT,3802.33,1760276998926,0.0014
BINANCE:ETHUSDT,3802.33,1760276998926,0.0014
BINANCE:ETHUSDT,3802.33,1760276998926,0.0014
BINANCE:ETHUSDT,3802.33,1760276998926,0.0014
BINANCE:ETHUSDT,3802.33,1760276998926,0.0014
BINANCE:ETHUSDT,3802.33,1760276998926,0.0014
BINANCE:ETHUSDT,3802.33,1760276998926,0.0014
BINANCE:ETHUSDT,3802.33,1760276998926,0.0014
BINANCE:ETHUSDT,3802.33,1760276998926,0.0014
BINANCE:ETHUSDT,3802.33,1760276998926,0.0015
BINANCE:ETHUSDT,3802.33,1760276998926,0.0015
BINANCE:ETHUSDT,3802.34,1760276998974,0.0014
BINANCE:ETHUSDT,3802.34,1760276998974,0.0014
BINANCE:ETHUSDT,3802.34,1760276998974,0.0014
BINANCE:ETHUSDT,3802.34,1760276998974,0.0014
BINANCE:ETHUSDT,3802.34,1760276998974,0.0014
BINANCE:ETHUSDT,3802.34,1760276998974,0.0014
BINANCE:ETHUSDT,3802.34,1760276998974,0.0014
BINANCE:ETHUSDT,3802.34,1760276998974,0.0014
BINANCE:ETHUSDT,3802.34,1760276998974,0.0014
BINANCE:ETHUSDT,3802.34,1760276998974,0.0014
BINANCE:ETHUSDT,3802.34,1760276998974,0.0014
BINANCE:ETHUSDT,3802.34,1760276998974,0.0014
BINANCE:ETHUSDT,3802.34,1760276998974,0.0015
BINANCE:ETHUSDT,3802.34,1760276998974,0.0015
BINANCE:ETHUSDT,3802.34,1760276998974,0.0014
BINANCE:ETHUSDT,3802.34,1760276998974,0.0014
BINANCE:ETHUSDT,3802.34,1760276998974,0.0014
BINANCE:ETHUSDT,3802.34,1760276998974,0.0014
BINANCE:ETHUSDT,3802.34,1760276998974,0.0014
BINANCE:ETHUSDT,3802.34,1760276998974,0.0014
BINANCE:ETHUSDT,3802.34,1760276998974,0.0014
BINANCE:ETHUSDT,3802.34,1760276998974,0.0014
BINANCE:ETHUSDT,3802.34,1760276998974,0.0014
BINANCE:ETHUSDT,3802.34,1760276998974,0.0014
BINANCE:ETHUSDT,3802.34,1760276998974,0.0014
BINANCE:ETHUSDT,3802.34,1760276998974,0.0014
BINANCE:ETHUSDT,3802.34,1760276998974,0.0133
BINANCE:ETHUSDT,3802.35,1760276999004,0.0014
BINANCE:ETHUSDT,3802.35,1760276999004,0.0014
BINANCE:ETHUSDT,3802.35,1760276999004,0.0014
BINANCE:ETHUSDT,3802.35,1760276999004,0.0014
BINANCE:ETHUSDT,3802.35,1760276999004,0.0014
BINANCE:ETHUSDT,3802.35,1760276999004,0.0014
BINANCE:ETHUSDT,3802.35,1760276999004,0.0014
BINANCE:ETHUSDT,3802.35,1760276999004,0.0014
BINANCE:ETHUSDT,3802.35,1760276999004,0.0014
BINANCE:ETHUSDT,3802.35,1760276999004,0.0014
BINANCE:ETHUSDT,3802.35,1760276999004,0.0014
BINANCE:ETHUSDT,3802.35,1760276999004,0.0014
BINANCE:ETHUSDT,3802.35,1760276999004,0.0027
BINANCE:ETHUSDT,3802.35,1760276999004,0.0014
BINANCE:ETHUSDT,3802.35,1760276999004,0.0014
BINANCE:ETHUSDT,3802.35,1760276999004,0.0014
BINANCE:ETHUSDT,3802.35,1760276999004,0.0014
BINANCE:ETHUSDT,3802.35,1760276999004,0.0014
BINANCE:ETHUSDT,3802.35,1760276999004,0.0014
BINANCE:ETHUSDT,3802.35,1760276999004,0.0014
BINANCE:ETHUSDT,3802.35,1760276999004,0.0014
BINANCE:ETHUSDT,3802.35,1760276999004,0.0014
BINANCE:ETHUSDT,3802.35,1760276999004,0.0014
BINANCE:ETHUSDT,3802.35,1760276999004,0.0014
BINANCE:ETHUSDT,3802.35,1760276999004,0.0014
BINANCE:ETHUSDT,3802.35,1760276999004,0.0015
BINANCE:ETHUSDT,3802.35,1760276999004,0.0015
BINANCE:ETHUSDT,3802.47,1760276999162,0.0016
BINANCE:ETHUSDT,3802.47,1760276999162,0.0526
BINANCE:ETHUSDT,3802.47,1760276999162,0.0014
BINANCE:ETHUSDT,3802.47,1760276999162,0.0014
BINANCE:ETHUSDT,3802.47,1760276999162,0.0014
BINANCE:ETHUSDT,3802.47,1760276999162,0.0014
BINANCE:ETHUSDT,3802.47,1760276999162,0.0014
BINANCE:ETHUSDT,3802.47,1760276999162,0.0014
BINANCE:ETHUSDT,3802.47,1760276999162,0.0014
BINANCE:ETHUSDT,3802.47,1760276999162,0.0014
BINANCE:ETHUSDT,3802.47,1760276999162,0.0014
BINANCE:ETHUSDT,3802.47,1760276999162,0.0014
BINANCE:ETHUSDT,3802.47,1760276999162,0.0014
BINANCE:ETHUSDT,3802.47,1760276999162,0.0014
BINANCE:ETHUSDT,3802.47,1760276999162,0.0015
BINANCE:ETHUSDT,3802.47,1760276999162,0.0015
BINANCE:ETHUSDT,3802.47,1760276999162,0.0014
BINANCE:ETHUSDT,3802.48,1760276999162,0.0014
BINANCE:ETHUSDT,3802.48,1760276999162,0.0014
BINANCE:ETHUSDT,3802.48,1760276999162,0.0014
BINANCE:ETHUSDT,3802.48,1760276999162,0.0014
BINANCE:ETHUSDT,3802.48,1760276999162,0.0014
BINANCE:ETHUSDT,3802.48,1760276999162,0.0014
BINANCE:ETHUSDT,3802.48,1760276999162,0.0014
BINANCE:ETHUSDT,3802.48,1760276999162,0.0014
BINANCE:ETHUSDT,3802.48,1760276999162,0.0014
BINANCE:ETHUSDT,3802.48,1760276999162,0.0014
BINANCE:ETHUSDT,3802.48,1760276999162,0.0014
BINANCE:ETHUSDT,3802.48,1760276999162,0.0015
BINANCE:ETHUSDT,3802.48,1760276999162,0.0014
BINANCE:ETHUSDT,3802.48,1760276999162,0.0015
BINANCE:ETHUSDT,3802.48,1760276999162,0.0014
BINANCE:ETHUSDT,3802.5,1760276999162,0.0526
BINANCE:ETHUSDT,3802.5,1760276999162,0.0015
BINANCE:ETHUSDT,3802.5,1760276999162,0.0015
BINANCE:ETHUSDT,3802.52,1760276999162,0.0014
BINANCE:ETHUSDT,3802.53,1760276999168,0.1316
BINANCE:ETHUSDT,3802.53,1760276999168,0.0015
BINANCE:ETHUSDT,3802.53,1760276999168,0.0015
BINANCE:ETHUSDT,3802.53,1760276999204,0.0014
BINANCE:ETHUSDT,3802.53,1760276999204,0.0014
BINANCE:ETHUSDT,3802.53,1760276999204,0.0014
BINANCE:ETHUSDT,3802.53,1760276999204,0.0014
BINANCE:ETHUSDT,3802.53,1760276999204,0.0014
BINANCE:ETHUSDT,3802.53,1760276999204,0.0014
BINANCE:ETHUSDT,3802.53,1760276999204,0.0014
BINANCE:ETHUSDT,3802.53,1760276999204,0.0014
BINANCE:ETHUSDT,3802.53,1760276999204,0.0014
BINANCE:ETHUSDT,3802.53,1760276999204,0.0014
BINANCE:ETHUSDT,3802.53,1760276999204,0.0014
BINANCE:ETHUSDT,3802.53,1760276999204,0.0014
BINANCE:ETHUSDT,3802.53,1760276999204,0.0014
BINANCE:ETHUSDT,3802.53,1760276999204,0.0014
BINANCE:ETHUSDT,3802.53,1760276999204,0.0014
BINANCE:ETHUSDT,3802.53,1760276999204,0.0014
BINANCE:ETHUSDT,3802.53,1760276999204,0.0014
BINANCE:ETHUSDT,3802.53,1760276999204,0.0014
BINANCE:ETHUSDT,3802.53,1760276999204,0.0014
BINANCE:ETHUSDT,3802.53,1760276999204,0.0014
BINANCE:ETHUSDT,3802.53,1760276999204,0.0014
BINANCE:ETHUSDT,3802.53,1760276999204,0.0014
BINANCE:ETHUSDT,3802.53,1760276999204,0.0014
BINANCE:ETHUSDT,3802.53,1760276999204,0.0014
BINANCE:ETHUSDT,3802.53,1760276999204,0.0015
BINANCE:ETHUSDT,3802.53,1760276999204,0.0015
BINANCE:ETHUSDT,3802.54,1760276999216,0.0014
BINANCE:ETHUSDT,3802.54,1760276999216,0.0014
BINANCE:ETHUSDT,3802.54,1760276999216,0.0014
BINANCE:ETHUSDT,3802.54,1760276999216,0.0014
BINANCE:ETHUSDT,3802.54,1760276999216,0.0014
BINANCE:ETHUSDT,3802.54,1760276999216,0.0014
BINANCE:ETHUSDT,3802.54,1760276999216,0.0014
BINANCE:ETHUSDT,3802.54,1760276999216,0.0014
BINANCE:ETHUSDT,3802.54,1760276999216,0.0014
BINANCE:ETHUSDT,3802.54,1760276999216,0.0014
BINANCE:ETHUSDT,3802.54,1760276999216,0.0014
BINANCE:ETHUSDT,3802.54,1760276999216,0.0014
BINANCE:ETHUSDT,3802.54,1760276999216,0.0014
BINANCE:ETHUSDT,3802.54,1760276999216,0.0014
BINANCE:ETHUSDT,3802.54,1760276999216,0.0014
BINANCE:ETHUSDT,3802.54,1760276999216,0.0014
BINANCE:ETHUSDT,3802.54,1760276999216,0.0014
BINANCE:ETHUSDT,3802.54,1760276999217,0.0014
BINANCE:ETHUSDT,3802.54,1760276999217,0.0014
BINANCE:ETHUSDT,3802.54,1760276999217,0.0014
BINANCE:ETHUSDT,3802.54,1760276999217,0.0014
BINANCE:ETHUSDT,3802.54,1760276999217,0.0015
BINANCE:ETHUSDT,3802.54,1760276999217,0.0014
BINANCE:ETHUSDT,3802.54,1760276999217,0.0014
BINANCE:ETHUSDT,3802.54,1760276999217,0.0014
BINANCE:ETHUSDT,3802.54,1760276999217,0.0015
BINANCE:ETHUSDT,3802.54,1760276999217,0.0133
BINANCE:ETHUSDT,3802.55,1760276999217,0.0014
BINANCE:ETHUSDT,3802.55,1760276999217,0.0014
BINANCE:ETHUSDT,3802.55,1760276999217,0.0014
BINANCE:ETHUSDT,3802.55,1760276999217,0.0014
BINANCE:ETHUSDT,3802.55,1760276999217,0.0014
BINANCE:ETHUSDT,3802.55,1760276999217,0.0014
BINANCE:ETHUSDT,3802.55,1760276999217,0.0014
BINANCE:ETHUSDT,3802.55,1760276999217,0.0014
BINANCE:ETHUSDT,3802.55,1760276999217,0.0014
BINANCE:ETHUSDT,3802.55,1760276999217,0.0014
BINANCE:ETHUSDT,3802.55,1760276999217,0.0014
BINANCE:ETHUSDT,3802.55,1760276999217,0.0014
BINANCE:ETHUSDT,3802.55,1760276999217,0.0027
BINANCE:ETHUSDT,3802.62,1760276999218,0.0014
BINANCE:ETHUSDT,3802.63,1760276999218,0.1052
BINANCE:ETHUSDT,3802.63,1760276999218,0.0015
BINANCE:ETHUSDT,3802.63,1760276999218,0.0015
BINANCE:ETHUSDT,3802.66,1760276999220,0.0016
BINANCE:ETHUSDT,3802.68,1760276999220,0.0014
BINANCE:ETHUSDT,3802.69,1760276999220,0.1052
BINANCE:ETHUSDT,3802.69,1760276999220,0.0015
BINANCE:ETHUSDT,3802.69,1760276999220,0.0015
BINANCE:ETHUSDT,3802.77,1760276999231,0.0158
BINANCE:ETHUSDT,3802.77,1760276999231,0.0015
BINANCE:ETHUSDT,3802.77,1760276999231,0.0015
BINANCE:ETHUSDT,3802.77,1760276999231,0.0014
BINANCE:ETHUSDT,3802.77,1760276999231,0.0014
BINANCE:ETHUSDT,3802.77,1760276999231,0.0014
BINANCE:ETHUSDT,3802.77,1760276999231,0.0014
BINANCE:ETHUSDT,3802.77,1760276999231,0.0014
BINANCE:ETHUSDT,3802.77,1760276999231,0.0014
BINANCE:ETHUSDT,3802.77,1760276999231,0.0014
BINANCE:ETHUSDT,3802.77,1760276999231,0.0014
BINANCE:ETHUSDT,3802.78,1760276999232,0.0188
BINANCE:ETHUSDT,3802.78,1760276999252,0.0812
BINANCE:ETHUSDT,3802.78,1760276999252,0.0015
BINANCE:ETHUSDT,3802.78,1760276999252,0.0015
BINANCE:ETHUSDT,3802.78,1760276999252,0.0014
BINANCE:ETHUSDT,3802.78,1760276999252,0.0014
BINANCE:ETHUSDT,3802.78,1760276999252,0.0014
BINANCE:ETHUSDT,3802.78,1760276999252,0.0014
BINANCE:ETHUSDT,3802.78,1760276999252,0.0014
BINANCE:ETHUSDT,3802.78,1760276999252,0.0014
BINANCE:ETHUSDT,3802.78,1760276999252,0.0014
BINANCE:ETHUSDT,3802.78,1760276999252,0.0014
BINANCE:ETHUSDT,3802.78,1760276999252,0.0014
BINANCE:ETHUSDT,3802.78,1760276999252,0.0014
BINANCE:ETHUSDT,3802.78,1760276999252,0.0014
BINANCE:ETHUSDT,3802.78,1760276999252,0.0014
BINANCE:ETHUSDT,3802.78,1760276999252,0.0014
BINANCE:ETHUSDT,3802.78,1760276999252,0.0014
BINANCE:ETHUSDT,3802.78,1760276999252,0.0014
BINANCE:ETHUSDT,3802.78,1760276999252,0.0014
BINANCE:ETHUSDT,3802.78,1760276999252,0.0014
BINANCE:ETHUSDT,3802.78,1760276999252,0.0014
BINANCE:ETHUSDT,3802.78,1760276999252,0.0014
BINANCE:ETHUSDT,3802.78,1760276999252,0.0014
BINANCE:ETHUSDT,3802.78,1760276999252,0.0014
BINANCE:ETHUSDT,3802.78,1760276999252,0.0014
BINANCE:ETHUSDT,3802.78,1760276999252,0.0006
BINANCE:ETHUSDT,3802.78,1760276999296,0.0008
BINANCE:ETHUSDT,3802.78,1760276999296,0.0014
BINANCE:ETHUSDT,3802.78,1760276999296,0.0015
BINANCE:ETHUSDT,3802.78,1760276999296,0.0015
BINANCE:ETHUSDT,3802.79,1760276999618,0.0055
BINANCE:ETHUSDT,3802.78,1760276999839,6.7832
BINANCE:ETHUSDT,3802.78,1760276999864,0.2705
BINANCE:ETHUSDT,3802.79,1760277000266,0.002
BINANCE:ETHUSDT,3802.79,1760277000468,0.0188
BINANCE:ETHUSDT,3802.79,1760277000468,0.0337
BINANCE:ETHUSDT,3802.78,1760277000477,0.0014
BINANCE:ETHUSDT,3802.78,1760277000477,0.0133
BINANCE:ETHUSDT,3802.78,1760277000477,0.0378
BINANCE:ETHUSDT,3802.78,1760277000526,0.012
BINANCE:ETHUSDT,3802.78,1760277000526,0.3957
BINANCE:ETHUSDT,3802.78,1760277000528,0.2363
BINANCE:ETHUSDT,3802.78,1760277000528,0.0029
BINANCE:ETHUSDT,3802.78,1760277000528,0.0014
BINANCE:ETHUSDT,3802.78,1760277000528,0.0018
BINANCE:ETHUSDT,3802.78,1760277000528,0.0014
BINANCE:ETHUSDT,3802.78,1760277000528,0.0015
BINANCE:ETHUSDT,3802.78,1760277000528,0.0015
BINANCE:ETHUSDT,3802.78,1760277000738,0.1314
BINANCE:ETHUSDT,3802.78,1760277000741,0.0027
BINANCE:ETHUSDT,3802.77,1760277000761,0.0014
BINANCE:ETHUSDT,3802.77,1760277000761,0.0027
BINANCE:ETHUSDT,3802.77,1760277000761,0.0015
BINANCE:ETHUSDT,3802.77,1760277000761,0.0014
BINANCE:ETHUSDT,3802.77,1760277000761,0.0015
BINANCE:ETHUSDT,3802.77,1760277000761,0.0014
BINANCE:ETHUSDT,3802.77,1760277000761,0.0014
BINANCE:ETHUSDT,3802.77,1760277000761,0.0014
BINANCE:ETHUSDT,3802.77,1760277000761,0.0014
BINANCE:ETHUSDT,3802.76,1760277000766,0.0027
BINANCE:ETHUSDT,3802.76,1760277000766,0.0014
BINANCE:ETHUSDT,3802.76,1760277000766,0.0485
BINANCE:ETHUSDT,3802.76,1760277000772,0.0014
BINANCE:ETHUSDT,3802.76,1760277000772,0.0015
BINANCE:ETHUSDT,3802.76,1760277000772,0.0015
BINANCE:ETHUSDT,3802.76,1760277000772,0.0014
BINANCE:ETHUSDT,3802.76,1760277000772,0.0014
BINANCE:ETHUSDT,3802.76,1760277000772,0.0014
BINANCE:ETHUSDT,3802.76,1760277000772,0.0014
BINANCE:ETHUSDT,3802.76,1760277000772,0.0014
BINANCE:ETHUSDT,3802.76,1760277000772,0.0014
BINANCE:ETHUSDT,3802.76,1760277000772,0.0014
BINANCE:ETHUSDT,3802.76,1760277000772,0.0014
BINANCE:ETHUSDT,3802.76,1760277000772,0.0014
BINANCE:ETHUSDT,3802.76,1760277000772,0.0014
BINANCE:ETHUSDT,3802.76,1760277000772,0.0014
BINANCE:ETHUSDT,3802.76,1760277000772,0.0014
BINANCE:ETHUSDT,3802.76,1760277000772,0.0014
BINANCE:ETHUSDT,3802.76,1760277000772,0.0014
BINANCE:ETHUSDT,3802.76,1760277000772,0.0014
BINANCE:ETHUSDT,3802.76,1760277000772,0.0014
BINANCE:ETHUSDT,3802.76,1760277000772,0.0014
BINANCE:ETHUSDT,3802.75,1760277000772,0.0014
BINANCE:ETHUSDT,3802.75,1760277000772,0.0014
BINANCE:ETHUSDT,3802.75,1760277000772,0.0014
BINANCE:ETHUSDT,3802.75,1760277000772,0.0014
BINANCE:ETHUSDT,3802.75,1760277000772,0.0014
BINANCE:ETHUSDT,3802.75,1760277000772,0.0014
BINANCE:ETHUSDT,3802.75,1760277000772,0.0014
BINANCE:ETHUSDT,3802.75,1760277000772,0.0014
BINANCE:ETHUSDT,3802.75,1760277000772,0.0014
BINANCE:ETHUSDT,3802.75,1760277000772,0.0033
BINANCE:ETHUSDT,3802.75,1760277000772,0.0014
BINANCE:ETHUSDT,3802.67,1760277000790,0.0014
BINANCE:ETHUSDT,3802.67,1760277000790,0.0014
BINANCE:ETHUSDT,3802.67,1760277000790,0.0014
BINANCE:ETHUSDT,3802.67,1760277000790,0.0014
BINANCE:ETHUSDT,3802.67,1760277000790,0.0014
BINANCE:ETHUSDT,3802.67,1760277000790,0.0014
BINANCE:ETHUSDT,3802.67,1760277000790,0.0014
BINANCE:ETHUSDT,3802.67,1760277000790,0.0014
BINANCE:ETHUSDT,3802.67,1760277000790,0.0014
BINANCE:ETHUSDT,3802.67,1760277000790,0.0014
BINANCE:ETHUSDT,3802.67,1760277000790,0.0029
BINANCE:ETHUSDT,3802.67,1760277000790,0.0015
BINANCE:ETHUSDT,3802.67,1760277000790,0.0015
BINANCE:ETHUSDT,3802.66,1760277000795,0.0014
BINANCE:ETHUSDT,3802.66,1760277000795,0.0014
BINANCE:ETHUSDT,3802.66,1760277000795,0.0014
BINANCE:ETHUSDT,3802.66,1760277000795,0.0014
BINANCE:ETHUSDT,3802.66,1760277000795,0.0014
BINANCE:ETHUSDT,3802.66,1760277000795,0.0014
BINANCE:ETHUSDT,3802.66,1760277000795,0.0014
BINANCE:ETHUSDT,3802.66,1760277000795,0.0014
BINANCE:ETHUSDT,3802.66,1760277000795,0.0014
BINANCE:ETHUSDT,3802.66,1760277000795,0.0014
BINANCE:ETHUSDT,3802.66,1760277000795,0.0014
BINANCE:ETHUSDT,3802.66,1760277000795,0.0014
BINANCE:ETHUSDT,3802.66,1760277000795,0.0014
BINANCE:ETHUSDT,3802.66,1760277000795,0.0014
BINANCE:ETHUSDT,3802.66,1760277000795,0.0014
BINANCE:ETHUSDT,3802.66,1760277000795,0.0014
BINANCE:ETHUSDT,3802.66,1760277000795,0.0014
BINANCE:ETHUSDT,3802.66,1760277000795,0.0014
BINANCE:ETHUSDT,3802.66,1760277000795,0.0014
BINANCE:ETHUSDT,3802.66,1760277000795,0.0015
BINANCE:ETHUSDT,3802.66,1760277000795,0.0015
BINANCE:ETHUSDT,3802.66,1760277000795,0.0027
BINANCE:ETHUSDT,3802.65,1760277000795,0.0014
BINANCE:ETHUSDT,3802.65,1760277000795,0.0014
BINANCE:ETHUSDT,3802.65,1760277000795,0.0014
BINANCE:ETHUSDT,3802.65,1760277000795,0.0014
BINANCE:ETHUSDT,3802.65,1760277000795,0.0014
BINANCE:ETHUSDT,3802.65,1760277000795,0.0014
BINANCE:ETHUSDT,3802.65,1760277000795,0.0014
BINANCE:ETHUSDT,3802.65,1760277000795,0.0014
BINANCE:ETHUSDT,3802.65,1760277000795,0.0014
BINANCE:ETHUSDT,3802.65,1760277000795,0.0014
BINANCE:ETHUSDT,3802.64,1760277000795,0.0014
BINANCE:ETHUSDT,3802.63,1760277000795,0.0014
BINANCE:ETHUSDT,3802.63,1760277000795,0.0014
BINANCE:ETHUSDT,3802.61,1760277000795,0.0014
BINANCE:ETHUSDT,3802.6,1760277000815,0.0027
BINANCE:ETHUSDT,3802.6,1760277000815,0.0014
BINANCE:ETHUSDT,3802.6,1760277000815,0.0015
BINANCE:ETHUSDT,3802.6,1760277000815,0.0014
BINANCE:ETHUSDT,3802.6,1760277000815,0.0014
BINANCE:ETHUSDT,3802.6,1760277000815,0.0014
BINANCE:ETHUSDT,3802.6,1760277000815,0.0014
BINANCE:ETHUSDT,3802.6,1760277000815,0.0014
BINANCE:ETHUSDT,3802.6,1760277000815,0.0014
BINANCE:ETHUSDT,3802.6,1760277000815,0.0014
BINANCE:ETHUSDT,3802.6,1760277000815,0.0014
BINANCE:ETHUSDT,3802.6,1760277000815,0.0014
BINANCE:ETHUSDT,3802.6,1760277000815,0.0014
BINANCE:ETHUSDT,3802.6,1760277000815,0.0014
BINANCE:ETHUSDT,3802.6,1760277000815,0.0014
BINANCE:ETHUSDT,3802.6,1760277000815,0.0014
BINANCE:ETHUSDT,3802.6,1760277000815,0.0014
BINANCE:ETHUSDT,3802.6,1760277000815,0.0014
BINANCE:ETHUSDT,3802.6,1760277000815,0.0014
BINANCE:ETHUSDT,3802.6,1760277000815,0.0027
BINANCE:ETHUSDT,3802.6,1760277000815,0.0015
BINANCE:ETHUSDT,3802.59,1760277000815,0.0014
BINANCE:ETHUSDT,3802.59,1760277000815,0.0014
BINANCE:ETHUSDT,3802.59,1760277000815,0.0014
BINANCE:ETHUSDT,3802.59,1760277000815,0.0014
BINANCE:ETHUSDT,3802.59,1760277000815,0.0014
BINANCE:ETHUSDT,3802.59,1760277000815,0.0014
BINANCE:ETHUSDT,3802.59,1760277000815,0.0014
BINANCE:ETHUSDT,3802.59,1760277000815,0.0014
BINANCE:ETHUSDT,3802.51,1760277000815,0.0027
BINANCE:ETHUSDT,3802.51,1760277000815,0.0014
BINANCE:ETHUSDT,3802.48,1760277000815,0.0027
BINANCE:ETHUSDT,3802.45,1760277000815,0.0014
BINANCE:ETHUSDT,3802.4,1760277000815,0.0263
BINANCE:ETHUSDT,3802.4,1760277000815,0.0015
BINANCE:ETHUSDT,3802.4,1760277000815,0.0015
BINANCE:ETHUSDT,3802.4,1760277000815,0.0014
BINANCE:ETHUSDT,3802.4,1760277000815,0.0014
BINANCE:ETHUSDT,3802.39,1760277000815,0.1
BINANCE:ETHUSDT,3802.39,1760277000815,0.0015
BINANCE:ETHUSDT,3802.39,1760277000815,0.0015
BINANCE:ETHUSDT,3802.39,1760277000815,0.0014
BINANCE:ETHUSDT,3802.38,1760277000815,0.0158
BINANCE:ETHUSDT,3802.38,1760277000815,0.0015
BINANCE:ETHUSDT,3802.38,1760277000815,0.0015
BINANCE:ETHUSDT,3802.38,1760277000815,0.0027
BINANCE:ETHUSDT,3802.38,1760277000815,0.0014
BINANCE:ETHUSDT,3802.35,1760277000815,0.0014
BINANCE:ETHUSDT,3802.35,1760277000815,0.0014
BINANCE:ETHUSDT,3802.34,1760277000815,0.0014
BINANCE:ETHUSDT,3802.34,1760277000815,0.0015
BINANCE:ETHUSDT,3802.34,1760277000815,0.0015
BINANCE:ETHUSDT,3802.34,1760277000815,0.0014
BINANCE:ETHUSDT,3802.33,1760277000815,0.0014
BINANCE:ETHUSDT,3802.33,1760277000815,0.0015
BINANCE:ETHUSDT,3802.33,1760277000815,0.0015
BINANCE:ETHUSDT,3802.33,1760277000815,0.0014
BINANCE:ETHUSDT,3802.32,1760277000815,0.0014
BINANCE:ETHUSDT,3802.3,1760277000815,0.0027
BINANCE:ETHUSDT,3802.21,1760277000815,0.0014
BINANCE:ETHUSDT,3802.17,1760277000815,0.0158
BINANCE:ETHUSDT,3802.17,1760277000815,0.0163
BINANCE:ETHUSDT,3802.17,1760277000991,0.015
BINANCE:ETHUSDT,3802.17,1760277000991,0.0956
BINANCE:ETHUSDT,3802.17,1760277001194,0.0015
BINANCE:ETHUSDT,3802.17,1760277001194,0.0015
BINANCE:ETHUSDT,3802.17,1760277001194,0.0133
BINANCE:ETHUSDT,3802.17,1760277001194,0.0014
BINANCE:ETHUSDT,3802.17,1760277001194,0.2916
BINANCE:ETHUSDT,3802.17,1760277001194,0.4633
BINANCE:ETHUSDT,3802.17,1760277001194,0.0014
BINANCE:ETHUSDT,3802.17,1760277001194,0.0014
BINANCE:ETHUSDT,3802.17,1760277001194,0.0014
BINANCE:ETHUSDT,3802.17,1760277001194,0.0014
BINANCE:ETHUSDT,3802.17,1760277001194,0.0014
BINANCE:ETHUSDT,3802.17,1760277001194,0.0014
BINANCE:ETHUSDT,3802.17,1760277001194,0.0014
BINANCE:ETHUSDT,3802.17,1760277001194,0.0014
BINANCE:ETHUSDT,3802.17,1760277001194,0.0014
BINANCE:ETHUSDT,3802.17,1760277001194,0.0014
BINANCE:ETHUSDT,3802.16,1760277001195,0.0027
BINANCE:ETHUSDT,3802.16,1760277001195,0.0014
BINANCE:ETHUSDT,3802.16,1760277001195,0.0014
BINANCE:ETHUSDT,3802.16,1760277001195,0.0014
BINANCE:ETHUSDT,3802.16,1760277001195,0.0014
BINANCE:ETHUSDT,3802.16,1760277001195,0.0014
BINANCE:ETHUSDT,3802.16,1760277001195,0.0014
BINANCE:ETHUSDT,3802.16,1760277001195,0.0014
BINANCE:ETHUSDT,3802.15,1760277001195,0.0014
BINANCE:ETHUSDT,3802.15,1760277001195,0.0027
BINANCE:ETHUSDT,3802.15,1760277001195,0.0014
BINANCE:ETHUSDT,3802.14,1760277001195,0.1316
BINANCE:ETHUSDT,3802.14,1760277001195,0.0015
BINANCE:ETHUSDT,3802.14,1760277001195,0.0015
BINANCE:ETHUSDT,3802.14,1760277001195,0.0014
BINANCE:ETHUSDT,3802.12,1760277001195,0.002
BINANCE:ETHUSDT,3802.12,1760277001195,0.0014
BINANCE:ETHUSDT,3802.11,1760277001195,0.0526
BINANCE:ETHUSDT,3802.11,1760277001195,0.0015
BINANCE:ETHUSDT,3802.11,1760277001195,0.0015
BINANCE:ETHUSDT,3802.11,1760277001195,0.0014
BINANCE:ETHUSDT,3802.1,1760277001195,0.0135
BINANCE:ETHUSDT,3802.1,1760277001195,0.0015
BINANCE:ETHUSDT,3802.1,1760277001195,0.0015
BINANCE:ETHUSDT,3802.1,1760277001195,0.0014
BINANCE:ETHUSDT,3802.06,1760277001197,0.0265
BINANCE:ETHUSDT,3802.06,1760277001197,0.0015
BINANCE:ETHUSDT,3802.06,1760277001197,0.0015
BINANCE:ETHUSDT,3802.06,1760277001197,0.0014
BINANCE:ETHUSDT,3802.06,1760277001197,0.0014
BINANCE:ETHUSDT,3802.06,1760277001197,0.0014
BINANCE:ETHUSDT,3802.06,1760277001197,0.0014
BINANCE:ETHUSDT,3802.05,1760277001197,0.0014
BINANCE:ETHUSDT,3802.05,1760277001197,0.0014
BINANCE:ETHUSDT,3802.05,1760277001197,0.0014
BINANCE:ETHUSDT,3802.05,1760277001197,0.0014
BINANCE:ETHUSDT,3802.03,1760277001197,0.0014
BINANCE:ETHUSDT,3802.03,1760277001197,0.0014
BINANCE:ETHUSDT,3802.02,1760277001388,0.0526
BINANCE:ETHUSDT,3802.02,1760277001388,0.0527
BINANCE:ETHUSDT,3802.02,1760277001388,0.0264
BINANCE:ETHUSDT,3802.02,1760277001388,0.0014
BINANCE:ETHUSDT,3802.02,1760277001388,0.0014
BINANCE:ETHUSDT,3802.02,1760277001388,0.0014
BINANCE:ETHUSDT,3802.02,1760277001388,0.0014
BINANCE:ETHUSDT,3802.02,1760277001388,0.0014
BINANCE:ETHUSDT,3802.02,1760277001388,0.0014
BINANCE:ETHUSDT,3802.02,1760277001388,0.0118
BINANCE:ETHUSDT,3802.02,1760277001388,0.0014
BINANCE:ETHUSDT,3802.02,1760277001388,0.0014
BINANCE:ETHUSDT,3802.02,1760277001388,0.0014
BINANCE:ETHUSDT,3802.02,1760277001388,0.0015
BINANCE:ETHUSDT,3802.02,1760277001388,0.0015
BINANCE:ETHUSDT,3802.02,1760277001388,0.0014
BINANCE:ETHUSDT,3802.02,1760277001388,0.0014
BINANCE:ETHUSDT,3802.01,1760277001390,0.0014
BINANCE:ETHUSDT,3802.01,1760277001390,0.0014
BINANCE:ETHUSDT,3802.01,1760277001390,0.0014
BINANCE:ETHUSDT,3802.01,1760277001390,0.0014
BINANCE:ETHUSDT,3802.01,1760277001390,0.0014
BINANCE:ETHUSDT,3802.01,1760277001390,0.0014
BINANCE:ETHUSDT,3802.01,1760277001390,0.0014
BINANCE:ETHUSDT,3802.01,1760277001390,0.0014
BINANCE:ETHUSDT,3802.01,1760277001390,0.0015
BINANCE:ETHUSDT,3802.01,1760277001390,0.0014
BINANCE:ETHUSDT,3802.01,1760277001390,0.0015
BINANCE:ETHUSDT,3802.01,1760277001390,0.0014
BINANCE:ETHUSDT,3802.01,1760277001390,0.0014
BINANCE:ETHUSDT,3802.01,1760277001390,0.0014
BINANCE:ETHUSDT,3802.01,1760277001390,0.0014
BINANCE:ETHUSDT,3802.01,1760277001390,0.0014
BINANCE:ETHUSDT,3802.01,1760277001390,0.0014
BINANCE:ETHUSDT,3802.01,1760277001390,0.0014
BINANCE:ETHUSDT,3802.01,1760277001390,0.0014
BINANCE:ETHUSDT,3802.01,1760277001390,0.0014
BINANCE:ETHUSDT,3802,1760277001391,0.0158
BINANCE:ETHUSDT,3802,1760277001391,0.0198
BINANCE:ETHUSDT,3802,1760277001391,0.0015
BINANCE:ETHUSDT,3802,1760277001391,0.0015
BINANCE:ETHUSDT,3802,1760277001391,0.0014
BINANCE:ETHUSDT,3802,1760277001391,0.0014
BINANCE:ETHUSDT,3802,1760277001391,0.0014
BINANCE:ETHUSDT,3802,1760277001391,0.0014
BINANCE:ETHUSDT,3802,1760277001391,0.0014
BINANCE:ETHUSDT,3802,1760277001391,0.0014
BINANCE:ETHUSDT,3802,1760277001391,0.0014
BINANCE:ETHUSDT,3802,1760277001391,0.0014
BINANCE:ETHUSDT,3802,1760277001391,0.0014
BINANCE:ETHUSDT,3802,1760277001391,0.0014
BINANCE:ETHUSDT,3802,1760277001391,0.0014
BINANCE:ETHUSDT,3801.96,1760277001393,0.0026
BINANCE:ETHUSDT,3801.96,1760277001393,0.0001
BINANCE:ETHUSDT,3801.96,1760277001393,0.0014
BINANCE:ETHUSDT,3801.96,1760277001393,0.0011
BINANCE:ETHUSDT,3801.96,1760277001393,0.0003
BINANCE:ETHUSDT,3801.96,1760277001393,0.0014
BINANCE:ETHUSDT,3801.96,1760277001393,0.0009
BINANCE:ETHUSDT,3801.96,1760277001393,0.0005
BINANCE:ETHUSDT,3801.96,1760277001393,0.0014
BINANCE:ETHUSDT,3801.96,1760277001393,0.0007
BINANCE:ETHUSDT,3801.96,1760277001393,0.0007
BINANCE:ETHUSDT,3801.96,1760277001393,0.0014
BINANCE:ETHUSDT,3801.96,1760277001393,0.0005
BINANCE:ETHUSDT,3801.96,1760277001393,0.0009
BINANCE:ETHUSDT,3801.96,1760277001393,0.0014
BINANCE:ETHUSDT,3801.96,1760277001393,0.0003
BINANCE:ETHUSDT,3801.96,1760277001394,0.0011
BINANCE:ETHUSDT,3801.96,1760277001394,0.0015
BINANCE:ETHUSDT,3801.96,1760277001394,0.0028
BINANCE:ETHUSDT,3801.96,1760277001394,0.0015
BINANCE:ETHUSDT,3801.95,1760277001394,0.0014
BINANCE:ETHUSDT,3801.95,1760277001394,0.0014
BINANCE:ETHUSDT,3801.95,1760277001394,0.0014
BINANCE:ETHUSDT,3801.95,1760277001394,0.0014
BINANCE:ETHUSDT,3801.95,1760277001394,0.0014
BINANCE:ETHUSDT,3801.95,1760277001394,0.0014
BINANCE:ETHUSDT,3801.95,1760277001394,0.0014
BINANCE:ETHUSDT,3801.95,1760277001394,0.0014
BINANCE:ETHUSDT,3801.95,1760277001394,0.0014
BINANCE:ETHUSDT,3801.93,1760277001394,0.0014
BINANCE:ETHUSDT,3801.93,1760277001394,0.0014
BINANCE:ETHUSDT,3801.92,1760277001394,0.0303
BINANCE:ETHUSDT,3801.92,1760277001396,0.0526
BINANCE:ETHUSDT,3801.92,1760277001397,0.0223
BINANCE:ETHUSDT,3801.92,1760277001397,0.0014
BINANCE:ETHUSDT,3801.92,1760277001397,0.0015
BINANCE:ETHUSDT,3801.92,1760277001397,0.0014
BINANCE:ETHUSDT,3801.92,1760277001397,0.0014
BINANCE:ETHUSDT,3801.92,1760277001397,0.0014
BINANCE:ETHUSDT,3801.92,1760277001397,0.0014
BINANCE:ETHUSDT,3801.92,1760277001397,0.0014
BINANCE:ETHUSDT,3801.92,1760277001397,0.0014
BINANCE:ETHUSDT,3801.92,1760277001397,0.0014
BINANCE:ETHUSDT,3801.92,1760277001397,0.0014
BINANCE:ETHUSDT,3801.91,1760277001397,0.0014
BINANCE:ETHUSDT,3801.91,1760277001397,0.0014
BINANCE:ETHUSDT,3801.91,1760277001397,0.0014
BINANCE:ETHUSDT,3801.91,1760277001397,0.0014
BINANCE:ETHUSDT,3801.91,1760277001397,0.0014
BINANCE:ETHUSDT,3801.91,1760277001397,0.0014
BINANCE:ETHUSDT,3801.91,1760277001397,0.0014
BINANCE:ETHUSDT,3801.91,1760277001397,0.0014
BINANCE:ETHUSDT,3801.9,1760277001397,0.0014
BINANCE:ETHUSDT,3801.87,1760277001397,0.0014
BINANCE:ETHUSDT,3801.87,1760277001397,0.0014
BINANCE:ETHUSDT,3801.86,1760277001404,0.1052
BINANCE:ETHUSDT,3801.86,1760277001407,0.0027
BINANCE:ETHUSDT,3801.86,1760277001407,0.0014
BINANCE:ETHUSDT,3801.86,1760277001407,0.0015
BINANCE:ETHUSDT,3801.86,1760277001407,0.0015
BINANCE:ETHUSDT,3801.86,1760277001407,0.0014
BINANCE:ETHUSDT,3801.86,1760277001407,0.0014
BINANCE:ETHUSDT,3801.86,1760277001407,0.0014
BINANCE:ETHUSDT,3801.86,1760277001407,0.0014
BINANCE:ETHUSDT,3801.86,1760277001407,0.0014
BINANCE:ETHUSDT,3801.86,1760277001407,0.0014
BINANCE:ETHUSDT,3801.86,1760277001407,0.0014
BINANCE:ETHUSDT,3801.86,1760277001407,0.0014
BINANCE:ETHUSDT,3801.86,1760277001407,0.0014
BINANCE:ETHUSDT,3801.86,1760277001407,0.0014
BINANCE:ETHUSDT,3801.86,1760277001407,0.0014
BINANCE:ETHUSDT,3801.86,1760277001407,0.0014
BINANCE:ETHUSDT,3801.86,1760277001407,0.0014
BINANCE:ETHUSDT,3801.86,1760277001407,0.0014
BINANCE:ETHUSDT,3801.86,1760277001407,0.0014
BINANCE:ETHUSDT,3801.86,1760277001407,0.0014
BINANCE:ETHUSDT,3801.86,1760277001407,0.0111
BINANCE:ETHUSDT,3801.86,1760277001407,0.0269
BINANCE:ETHUSDT,3801.86,1760277001407,0.1501
BINANCE:ETHUSDT,3801.85,1760277001407,0.1
BINANCE:ETHUSDT,3801.85,1760277001407,0.0015
BINANCE:ETHUSDT,3801.85,1760277001407,0.0014
BINANCE:ETHUSDT,3801.85,1760277001407,0.0015
BINANCE:ETHUSDT,3801.85,1760277001407,0.0014
BINANCE:ETHUSDT,3801.85,1760277001407,0.0014
BINANCE:ETHUSDT,3801.85,1760277001407,0.0014
BINANCE:ETHUSDT,3801.85,1760277001407,0.0014
BINANCE:ETHUSDT,3801.85,1760277001407,0.0014
BINANCE:ETHUSDT,3801.85,1760277001407,0.0014
BINANCE:ETHUSDT,3801.85,1760277001407,0.0014
BINANCE:ETHUSDT,3801.8,1760277001407,0.0014
BINANCE:ETHUSDT,3801.79,1760277001407,0.0343
BINANCE:ETHUSDT,3801.79,1760277001461,0.0709
BINANCE:ETHUSDT,3801.79,1760277001461,0.0015
BINANCE:ETHUSDT,3801.79,1760277001461,0.0015
BINANCE:ETHUSDT,3801.79,1760277001461,0.0014
BINANCE:ETHUSDT,3801.79,1760277001461,0.0014
BINANCE:ETHUSDT,3801.79,1760277001461,0.0014
BINANCE:ETHUSDT,3801.79,1760277001461,0.0014
BINANCE:ETHUSDT,3801.79,1760277001461,0.0014
BINANCE:ETHUSDT,3801.79,1760277001461,0.0014
BINANCE:ETHUSDT,3801.79,1760277001461,0.007
BINANCE:ETHUSDT,3801.79,1760277001461,0.0014
BINANCE:ETHUSDT,3801.78,1760277001461,0.0014
BINANCE:ETHUSDT,3801.78,1760277001461,0.0014
BINANCE:ETHUSDT,3801.78,1760277001461,0.0014
BINANCE:ETHUSDT,3801.78,1760277001461,0.0014
BINANCE:ETHUSDT,3801.78,1760277001461,0.0014
BINANCE:ETHUSDT,3801.77,1760277001461,0.0014
BINANCE:ETHUSDT,3801.77,1760277001461,0.0014
BINANCE:ETHUSDT,3801.76,1760277001461,0.1316
BINANCE:ETHUSDT,3801.76,1760277001461,0.0015
BINANCE:ETHUSDT,3801.76,1760277001461,0.0015
BINANCE:ETHUSDT,3801.76,1760277001461,0.0014
BINANCE:ETHUSDT,3801.74,1760277001461,0.002
BINANCE:ETHUSDT,3801.74,1760277001461,0.0014
BINANCE:ETHUSDT,3801.73,1760277001461,0.0014
BINANCE:ETHUSDT,3801.7,1760277001461,0.0014
BINANCE:ETHUSDT,3801.69,1760277001461,0.1
BINANCE:ETHUSDT,3801.69,1760277001461,0.0015
BINANCE:ETHUSDT,3801.69,1760277001461,0.0015
BINANCE:ETHUSDT,3801.69,1760277001461,0.0014
BINANCE:ETHUSDT,3801.67,1760277001461,0.0014
BINANCE:ETHUSDT,3801.64,1760277001461,0.0264
BINANCE:ETHUSDT,3801.64,1760277001461,0.0527
BINANCE:ETHUSDT,3801.64,1760277001461,0.0015
BINANCE:ETHUSDT,3801.64,1760277001461,0.0015
BINANCE:ETHUSDT,3801.64,1760277001461,0.0014
BINANCE:ETHUSDT,3801.62,1760277001461,0.0158
BINANCE:ETHUSDT,3801.62,1760277001461,0.0015
BINANCE:ETHUSDT,3801.62,1760277001461,0.0015
BINANCE:ETHUSDT,3801.55,1760277001461,0.0313
BINANCE:ETHUSDT,3801.55,1760277001461,0.0015
BINANCE:ETHUSDT,3801.55,1760277001461,0.0015
BINANCE:ETHUSDT,3801.55,1760277001461,0.0027
BINANCE:ETHUSDT,3801.49,1760277001461,0.0014
BINANCE:ETHUSDT,3801.48,1760277001461,0.1578
BINANCE:ETHUSDT,3801.39,1760277001461,0.0014
BINANCE:ETHUSDT,3801.38,1760277001461,0.0027
BINANCE:ETHUSDT,3801.38,1760277001461,0.0995
BINANCE:ETHUSDT,3801.39,1760277001462,0.0062
BINANCE:ETHUSDT,3801.38,1760277001463,0.0106
BINANCE:ETHUSDT,3801.39,1760277001489,0.0352
BINANCE:ETHUSDT,3801.38,1760277001919,0.0215
BINANCE:ETHUSDT,3801.38,1760277001919,0.5536
BINANCE:ETHUSDT,3801.38,1760277001919,0.3455
BINANCE:ETHUSDT,3801.39,1760277002075,0.0026
BINANCE:ETHUSDT,3801.39,1760277002075,0.0026
BINANCE:ETHUSDT,3801.39,1760277002075,0.0026
BINANCE:ETHUSDT,3801.39,1760277002075,0.0026
BINANCE:ETHUSDT,3801.39,1760277002075,0.0016
BINANCE:ETHUSDT,3801.39,1760277002075,0.0117
BINANCE:ETHUSDT,3801.39,1760277002075,0.0133
BINANCE:ETHUSDT,3801.39,1760277002075,0.4
BINANCE:ETHUSDT,3801.39,1760277002075,0.1899
BINANCE:ETHUSDT,3801.39,1760277002075,0.0014
BINANCE:ETHUSDT,3801.39,1760277002075,0.0027
BINANCE:ETHUSDT,3801.39,1760277002075,0.0577
BINANCE:ETHUSDT,3801.39,1760277002075,0.733
BINANCE:ETHUSDT,3801.39,1760277002075,0.0141
BINANCE:ETHUSDT,3801.39,1760277002075,0.0263
BINANCE:ETHUSDT,3801.39,1760277002075,0.1326
BINANCE:ETHUSDT,3801.39,1760277002075,0.0146
BINANCE:ETHUSDT,3801.39,1760277002075,0.0015
BINANCE:ETHUSDT,3801.39,1760277002075,0.0015
BINANCE:ETHUSDT,3801.4,1760277002075,0.0014
BINANCE:ETHUSDT,3801.41,1760277002075,0.0014
BINANCE:ETHUSDT,3801.46,1760277002075,0.0014
BINANCE:ETHUSDT,3801.47,1760277002075,0.0014
BINANCE:ETHUSDT,3801.48,1760277002075,0.0014
BINANCE:ETHUSDT,3801.49,1760277002075,0.0014
BINANCE:ETHUSDT,3801.49,1760277002075,0.0014
BINANCE:ETHUSDT,3801.77,1760277002090,0.111
BINANCE:ETHUSDT,3801.55,1760277002075,0.0014
BINANCE:ETHUSDT,3801.55,1760277002075,0.0014
BINANCE:ETHUSDT,3801.58,1760277002075,0.0014
BINANCE:ETHUSDT,3801.6,1760277002075,0.0014
BINANCE:ETHUSDT,3801.76,1760277002075,0.0015
BINANCE:ETHUSDT,3801.76,1760277002075,0.0015
BINANCE:ETHUSDT,3801.77,1760277002075,0.0015
BINANCE:ETHUSDT,3801.77,1760277002075,0.0015
BINANCE:ETHUSDT,3801.77,1760277002075,0.0073
BINANCE:ETHUSDT,3801.77,1760277002076,0.0133
BINANCE:ETHUSDT,3801.77,1760277002090,0.0014
BINANCE:ETHUSDT,3801.77,1760277002090,0.0015
BINANCE:ETHUSDT,3801.79,1760277002110,0.0015
BINANCE:ETHUSDT,3801.79,1760277002110,0.0014
BINANCE:ETHUSDT,3801.79,1760277002110,0.0014
BINANCE:ETHUSDT,3801.8,1760277002115,0.0425
BINANCE:ETHUSDT,3801.8,1760277002115,0.0015
BINANCE:ETHUSDT,3801.8,1760277002115,0.0015
BINANCE:ETHUSDT,3801.8,1760277002115,0.0014
BINANCE:ETHUSDT,3801.86,1760277002117,0.0014
BINANCE:ETHUSDT,3801.86,1760277002117,0.0015
BINANCE:ETHUSDT,3801.92,1760277002117,0.0014
BINANCE:ETHUSDT,3801.77,1760277002098,0.0015
BINANCE:ETHUSDT,3801.77,1760277002098,0.0014
BINANCE:ETHUSDT,3801.77,1760277002098,0.0015
BINANCE:ETHUSDT,3801.78,1760277002103,0.0015
BINANCE:ETHUSDT,3801.78,1760277002103,0.0015
BINANCE:ETHUSDT,3801.78,1760277002103,0.0014
BINANCE:ETHUSDT,3801.79,1760277002110,0.0015
BINANCE:ETHUSDT,3815.8,1760277165025,0.0014
BINANCE:ETHUSDT,3815.8,1760277165025,0.0015
BINANCE:ETHUSDT,3815.8,1760277165025,0.0015
BINANCE:ETHUSDT,3815.8,1760277165025,0.0133
BINANCE:ETHUSDT,3815.81,1760277165025,0.0014
BINANCE:ETHUSDT,3815.81,1760277165025,0.0027
BINANCE:ETHUSDT,3815.82,1760277165025,0.0027
BINANCE:ETHUSDT,3815.86,1760277165025,0.0014
BINANCE:ETHUSDT,3815.87,1760277165025,0.1311
BINANCE:ETHUSDT,3815.87,1760277165025,0.0015
BINANCE:ETHUSDT,3815.87,1760277165025,0.0015
BINANCE:ETHUSDT,3815.92,1760277165025,0.002
BINANCE:ETHUSDT,3815.93,1760277165025,0.0027
BINANCE:ETHUSDT,3815.94,1760277165026,0.0027
BINANCE:ETHUSDT,3815.99,1760277165026,0.0014
BINANCE:ETHUSDT,3816,1760277165026,0.0017
BINANCE:ETHUSDT,3816,1760277165026,0.02
BINANCE:ETHUSDT,3816,1760277165026,0.0025
BINANCE:ETHUSDT,3816,1760277165026,0.2621
BINANCE:ETHUSDT,3816,1760277165026,0.0015
BINANCE:ETHUSDT,3816,1760277165026,0.0015
BINANCE:ETHUSDT,3816.01,1760277165026,0.0468
BINANCE:ETHUSDT,3816.01,1760277165026,0.0015
BINANCE:ETHUSDT,3816.01,1760277165026,0.0015
BINANCE:ETHUSDT,3816.02,1760277165026,0.0806
BINANCE:ETHUSDT,3816.02,1760277165026,0.0015
BINANCE:ETHUSDT,3816.02,1760277165026,0.0015
BINANCE:ETHUSDT,3816.03,1760277165026,0.0014
BINANCE:ETHUSDT,3816.04,1760277165026,0.0014
BINANCE:ETHUSDT,3816.05,1760277165026,0.787
BINANCE:ETHUSDT,3816.05,1760277165026,0.0003
BINANCE:ETHUSDT,3816.05,1760277165026,0.0012
BINANCE:ETHUSDT,3816.05,1760277165026,0.0015
BINANCE:ETHUSDT,3816.07,1760277165027,0.0022
BINANCE:ETHUSDT,3816.07,1760277165027,0.0027
BINANCE:ETHUSDT,3816.07,1760277165027,0.0014
BINANCE:ETHUSDT,3816.08,1760277165027,0.0313
BINANCE:ETHUSDT,3816.08,1760277165027,0.3397
BINANCE:ETHUSDT,3816.08,1760277165027,0.3773
BINANCE:ETHUSDT,3816.08,1760277165027,1.2511
BINANCE:ETHUSDT,3816.13,1760277165033,0.0158
BINANCE:ETHUSDT,3816.13,1760277165033,0.0015
BINANCE:ETHUSDT,3816.15,1760277165033,0.0525
BINANCE:ETHUSDT,3816.15,1760277165033,0.0263
BINANCE:ETHUSDT,3816.15,1760277165033,0.0013
BINANCE:ETHUSDT,3816.15,1760277165041,0.0001
BINANCE:ETHUSDT,3816.17,1760277165041,0.0027
BINANCE:ETHUSDT,3816.18,1760277165041,0.0014
BINANCE:ETHUSDT,3816.19,1760277165041,0.1
BINANCE:ETHUSDT,3816.24,1760277165041,0.0014
BINANCE:ETHUSDT,3816.25,1760277165041,0.1311
BINANCE:ETHUSDT,3816.28,1760277165041,0.002
BINANCE:ETHUSDT,3816.3,1760277165041,0.002
BINANCE:ETHUSDT,3816.31,1760277165041,0.0014
BINANCE:ETHUSDT,3816.32,1760277165041,0.0379
BINANCE:ETHUSDT,3816.31,1760277165043,0.1312
BINANCE:ETHUSDT,3816.32,1760277165111,0.262
BINANCE:ETHUSDT,3816.31,1760277165113,0.4986
BINANCE:ETHUSDT,3816.32,1760277165200,0.0029
BINANCE:ETHUSDT,3816.31,1760277165577,0.0068
BINANCE:ETHUSDT,3816.31,1760277165577,0.012
BINANCE:ETHUSDT,3816.31,1760277165577,0.0133
BINANCE:ETHUSDT,3816.31,1760277165577,0.0136
BINANCE:ETHUSDT,3816.31,1760277165808,0.0457
BINANCE:ETHUSDT,3816.32,1760277165848,0.0524
BINANCE:ETHUSDT,3816.32,1760277165998,0.0052
BINANCE:ETHUSDT,3816.32,1760277166016,1.9042
BINANCE:ETHUSDT,3816.32,1760277166016,0.7657
BINANCE:ETHUSDT,3816.32,1760277166016,2.0765
BINANCE:ETHUSDT,3816.32,1760277166016,3.2688
BINANCE:ETHUSDT,3816.32,1760277166016,0.3951
BINANCE:ETHUSDT,3816.32,1760277166016,0.0051
BINANCE:ETHUSDT,3816.32,1760277166016,0.199
BINANCE:ETHUSDT,3816.32,1760277166016,0.0048
BINANCE:ETHUSDT,3816.32,1760277166016,0.2314
BINANCE:ETHUSDT,3816.32,1760277166016,0.0015
BINANCE:ETHUSDT,3816.32,1760277166016,0.0015
BINANCE:ETHUSDT,3816.33,1760277166018,0.0027
BINANCE:ETHUSDT,3816.34,1760277166018,0.0021
BINANCE:ETHUSDT,3816.34,1760277166018,0.0027
BINANCE:ETHUSDT,3816.38,1760277166018,0.0014
BINANCE:ETHUSDT,3816.44,1760277166019,0.0015
BINANCE:ETHUSDT,3816.44,1760277166019,0.0015
BINANCE:ETHUSDT,3816.46,1760277166019,0.2765
BINANCE:ETHUSDT,3816.46,1760277166019,0.0015
BINANCE:ETHUSDT,3816.46,1760277166019,0.0015
BINANCE:ETHUSDT,3816.5,1760277166019,0.0041
BINANCE:ETHUSDT,3816.5,1760277166019,0.2579
BINANCE:ETHUSDT,3816.5,1760277166019,0.0015
BINANCE:ETHUSDT,3816.5,1760277166019,0.0015
BINANCE:ETHUSDT,3816.5,1760277166019,0.026
BINANCE:ETHUSDT,3816.5,1760277166019,0.0014
BINANCE:ETHUSDT,3816.51,1760277166020,0.0158
BINANCE:ETHUSDT,3816.51,1760277166020,0.0015
BINANCE:ETHUSDT,3816.51,1760277166020,0.0015
BINANCE:ETHUSDT,3816.53,1760277166020,0.0263
BINANCE:ETHUSDT,3816.53,1760277166020,0.0525
BINANCE:ETHUSDT,3816.53,1760277166020,0.0015
BINANCE:ETHUSDT,3816.53,1760277166020,0.0015
BINANCE:ETHUSDT,3816.55,1760277166041,0.0457
BINANCE:ETHUSDT,3816.56,1760277166067,0.0027
BINANCE:ETHUSDT,3816.56,1760277166067,0.0014
BINANCE:ETHUSDT,3816.56,1760277166067,0.0015
BINANCE:ETHUSDT,3816.56,1760277166067,0.0015
BINANCE:ETHUSDT,3816.56,1760277166067,0.4512
BINANCE:ETHUSDT,3816.56,1760277166067,0.0193
BINANCE:ETHUSDT,3816.56,1760277166067,0.0133
BINANCE:ETHUSDT,3816.57,1760277166067,0.005
BINANCE:ETHUSDT,3816.57,1760277166067,0.1
BINANCE:ETHUSDT,3816.57,1760277166067,0.0015
BINANCE:ETHUSDT,3816.57,1760277166067,0.0015
BINANCE:ETHUSDT,3816.57,1760277166067,0.0027
BINANCE:ETHUSDT,3816.59,1760277166067,0.0015
BINANCE:ETHUSDT,3816.59,1760277166067,0.0015
BINANCE:ETHUSDT,3816.62,1760277166076,0.0014
BINANCE:ETHUSDT,3816.62,1760277166076,0.0015
BINANCE:ETHUSDT,3816.62,1760277166076,0.0015
BINANCE:ETHUSDT,3816.62,1760277166076,0.0014
BINANCE:ETHUSDT,3816.62,1760277166076,0.0014
BINANCE:ETHUSDT,3816.63,1760277166076,0.1311
BINANCE:ETHUSDT,3816.63,1760277166076,0.1321
BINANCE:ETHUSDT,3816.63,1760277166076,0.0014
BINANCE:ETHUSDT,3816.63,1760277166076,0.0015
BINANCE:ETHUSDT,3816.63,1760277166076,0.0015
BINANCE:ETHUSDT,3816.63,1760277166076,0.0014
BINANCE:ETHUSDT,3816.63,1760277166076,0.0014
BINANCE:ETHUSDT,3816.64,1760277166076,0.0015
BINANCE:ETHUSDT,3816.64,1760277166076,0.0015
BINANCE:ETHUSDT,3816.66,1760277166077,0.0014
BINANCE:ETHUSDT,3816.68,1760277166077,0.002
BINANCE:ETHUSDT,3816.69,1760277166077,0.0014
BINANCE:ETHUSDT,3816.7,1760277166077,0.1048
BINANCE:ETHUSDT,3816.7,1760277166077,0.0015
BINANCE:ETHUSDT,3816.7,1760277166077,0.0015
BINANCE:ETHUSDT,3816.74,1760277166077,0.0048
BINANCE:ETHUSDT,3816.74,1760277166077,0.0017
BINANCE:ETHUSDT,3816.74,1760277166077,0.0408
BINANCE:ETHUSDT,3816.74,1760277166077,0.0015
BINANCE:ETHUSDT,3816.74,1760277166077,0.0015
BINANCE:ETHUSDT,3816.74,1760277166077,0.0015
BINANCE:ETHUSDT,3816.74,1760277166077,0.0029
BINANCE:ETHUSDT,3816.8,1760277166077,0.002
BINANCE:ETHUSDT,3816.83,1760277166077,0.0014
BINANCE:ETHUSDT,3816.85,1760277166077,0.0017
BINANCE:ETHUSDT,3816.86,1760277166077,0.0761
BINANCE:ETHUSDT,3816.87,1760277166077,0.1147
BINANCE:ETHUSDT,3816.89,1760277166077,0.0158
BINANCE:ETHUSDT,3816.9,1760277166077,0.0027
BINANCE:ETHUSDT,3816.9,1760277166077,0.0014
BINANCE:ETHUSDT,3816.91,1760277166077,0.0263
BINANCE:ETHUSDT,3816.91,1760277166077,0.0014
BINANCE:ETHUSDT,3816.91,1760277166077,0.0014
BINANCE:ETHUSDT,3816.92,1760277166077,0.0525
BINANCE:ETHUSDT,3816.91,1760277166081,2.0765
BINANCE:ETHUSDT,3816.91,1760277166081,0.0015
BINANCE:ETHUSDT,3816.91,1760277166081,0.0015
BINANCE:ETHUSDT,3816.91,1760277166081,0.553
BINANCE:ETHUSDT,3816.91,1760277166083,0.223
BINANCE:ETHUSDT,3816.91,1760277166083,0.486
BINANCE:ETHUSDT,3816.91,1760277166088,0.0015
BINANCE:ETHUSDT,3816.91,1760277166088,0.0015
BINANCE:ETHUSDT,3816.91,1760277166088,0.486
BINANCE:ETHUSDT,3816.91,1760277166088,2.257
BINANCE:ETHUSDT,3816.91,1760277166381,0.0281
BINANCE:ETHUSDT,3816.91,1760277166381,0.2113
BINANCE:ETHUSDT,3816.91,1760277166381,0.0133
BINANCE:ETHUSDT,3816.91,1760277166381,0.6635
BINANCE:ETHUSDT,3816.91,1760277166381,0.0421
BINANCE:ETHUSDT,3816.91,1760277166381,0.2649
BINANCE:ETHUSDT,3816.91,1760277166381,0.0015
BINANCE:ETHUSDT,3816.91,1760277166381,0.0015
BINANCE:ETHUSDT,3816.91,1760277166381,0.0014
BINANCE:ETHUSDT,3816.91,1760277166381,0.0014
BINANCE:ETHUSDT,3816.91,1760277166381,0.0014
BINANCE:ETHUSDT,3816.91,1760277166381,0.0014
BINANCE:ETHUSDT,3816.91,1760277166381,0.0014
BINANCE:ETHUSDT,3816.91,1760277166381,0.0014
BINANCE:ETHUSDT,3816.92,1760277166383,0.0027
BINANCE:ETHUSDT,3816.92,1760277166383,0.0014
BINANCE:ETHUSDT,3816.92,1760277166383,0.0014
BINANCE:ETHUSDT,3816.92,1760277166383,0.0014
BINANCE:ETHUSDT,3816.92,1760277166383,0.0014
BINANCE:ETHUSDT,3816.92,1760277166383,0.0014
BINANCE:ETHUSDT,3816.92,1760277166383,0.0014
BINANCE:ETHUSDT,3816.92,1760277166383,0.0014
BINANCE:ETHUSDT,3816.93,1760277166383,0.0027
BINANCE:ETHUSDT,3816.93,1760277166383,0.502
BINANCE:ETHUSDT,3816.93,1760277166386,0.018
BINANCE:ETHUSDT,3816.93,1760277166386,0.0015
BINANCE:ETHUSDT,3816.93,1760277166386,0.0015
BINANCE:ETHUSDT,3816.93,1760277166386,0.0014
BINANCE:ETHUSDT,3816.93,1760277166386,0.0014
BINANCE:ETHUSDT,3816.93,1760277166386,0.0014
BINANCE:ETHUSDT,3816.93,1760277166386,0.0014
BINANCE:ETHUSDT,3816.93,1760277166386,0.0014
BINANCE:ETHUSDT,3816.93,1760277166386,0.0014
BINANCE:ETHUSDT,3816.93,1760277166395,0.0014
BINANCE:ETHUSDT,3816.93,1760277166395,0.0012
BINANCE:ETHUSDT,3816.92,1760277166491,0.0569
BINANCE:ETHUSDT,3816.93,1760277166517,0.0002
BINANCE:ETHUSDT,3816.93,1760277166517,0.0014
BINANCE:ETHUSDT,3816.93,1760277166517,0.0014
BINANCE:ETHUSDT,3816.93,1760277166517,0.0014
BINANCE:ETHUSDT,3816.93,1760277166517,0.0014
BINANCE:ETHUSDT,3816.93,1760277166517,0.0014
BINANCE:ETHUSDT,3816.93,1760277166517,0.0014
BINANCE:ETHUSDT,3816.93,1760277166517,0.0014
BINANCE:ETHUSDT,3816.93,1760277166517,0.0014
BINANCE:ETHUSDT,3816.93,1760277166517,0.0014
BINANCE:ETHUSDT,3816.93,1760277166517,0.0014
BINANCE:ETHUSDT,3816.93,1760277166517,0.0015
BINANCE:ETHUSDT,3816.93,1760277166517,0.0015
BINANCE:ETHUSDT,3816.94,1760277166517,0.0014
BINANCE:ETHUSDT,3816.94,1760277166517,0.0014
BINANCE:ETHUSDT,3816.94,1760277166517,0.0014
BINANCE:ETHUSDT,3816.94,1760277166517,0.0014
BINANCE:ETHUSDT,3816.94,1760277166517,0.0014
BINANCE:ETHUSDT,3816.94,1760277166517,0.0014
BINANCE:ETHUSDT,3816.94,1760277166517,0.0014
BINANCE:ETHUSDT,3816.94,1760277166517,0.0014
BINANCE:ETHUSDT,3816.94,1760277166517,0.0014
BINANCE:ETHUSDT,3816.94,1760277166517,0.0014
BINANCE:ETHUSDT,3816.94,1760277166517,0.0014
BINANCE:ETHUSDT,3816.94,1760277166517,0.0014
BINANCE:ETHUSDT,3816.94,1760277166517,0.0014
BINANCE:ETHUSDT,3816.94,1760277166517,0.0015
BINANCE:ETHUSDT,3816.94,1760277166517,0.0015
BINANCE:ETHUSDT,3816.95,1760277166517,0.1
BINANCE:ETHUSDT,3816.95,1760277166517,0.0015
BINANCE:ETHUSDT,3816.95,1760277166517,0.0015
BINANCE:ETHUSDT,3816.99,1760277166517,0.0016
BINANCE:ETHUSDT,3816.99,1760277166517,0.0014
BINANCE:ETHUSDT,3817,1760277166517,0.0027
BINANCE:ETHUSDT,3817,1760277166517,0.02
BINANCE:ETHUSDT,3817,1760277166517,0.0133
BINANCE:ETHUSDT,3817,1760277166517,0.262
BINANCE:ETHUSDT,3817,1760277166517,0.0015
BINANCE:ETHUSDT,3817,1760277166517,0.0015
BINANCE:ETHUSDT,3817.01,1760277166517,0.0014
BINANCE:ETHUSDT,3817.01,1760277166517,0.0014
BINANCE:ETHUSDT,3817.02,1760277166517,0.1311
BINANCE:ETHUSDT,3817.02,1760277166517,0.0015
BINANCE:ETHUSDT,3817.02,1760277166517,0.0015
BINANCE:ETHUSDT,3817.07,1760277166517,0.0027
BINANCE:ETHUSDT,3817.07,1760277166517,0.0014
BINANCE:ETHUSDT,3817.08,1760277166517,0.1572
BINANCE:ETHUSDT,3817.08,1760277166517,0.0015
BINANCE:ETHUSDT,3817.08,1760277166517,0.0015
BINANCE:ETHUSDT,3817.11,1760277166517,0.0027
BINANCE:ETHUSDT,3817.12,1760277166517,0.0027
BINANCE:ETHUSDT,3817.15,1760277166517,0.0539
BINANCE:ETHUSDT,3817.17,1760277166517,0.0017
BINANCE:ETHUSDT,3817.19,1760277166517,0.0027
BINANCE:ETHUSDT,3817.2,1760277166517,0.0024
BINANCE:ETHUSDT,3817.26,1760277166517,0.0014
BINANCE:ETHUSDT,3817.27,1760277166517,0.0158
BINANCE:ETHUSDT,3817.29,1760277166517,0.0262
BINANCE:ETHUSDT,3817.3,1760277166517,0.0524
BINANCE:ETHUSDT,3817.32,1760277166517,0.002
BINANCE:ETHUSDT,3817.33,1760277166517,0.0022
BINANCE:ETHUSDT,3817.33,1760277166517,0.0014
BINANCE:ETHUSDT,3817.33,1760277166707,0.1
BINANCE:ETHUSDT,3817.33,1760277166998,3.1421
BINANCE:ETHUSDT,3817.33,1760277166998,1.2869
BINANCE:ETHUSDT,3817.34,1760277167029,0.0014
BINANCE:ETHUSDT,3817.34,1760277167029,0.0133
BINANCE:ETHUSDT,3817.34,1760277167029,0.7655
BINANCE:ETHUSDT,3817.34,1760277167029,0.0014
BINANCE:ETHUSDT,3817.34,1760277167029,0.0014
BINANCE:ETHUSDT,3817.34,1760277167029,0.0014
BINANCE:ETHUSDT,3817.34,1760277167029,0.0015
BINANCE:ETHUSDT,3817.34,1760277167029,0.0015
BINANCE:ETHUSDT,3817.34,1760277167029,0.0759
BINANCE:ETHUSDT,3817.34,1760277167029,0.0014
BINANCE:ETHUSDT,3817.34,1760277167029,0.0014
BINANCE:ETHUSDT,3817.34,1760277167029,0.0014
BINANCE:ETHUSDT,3817.34,1760277167029,0.0014
BINANCE:ETHUSDT,3817.34,1760277167029,0.0014
BINANCE:ETHUSDT,3817.34,1760277167029,0.0014
BINANCE:ETHUSDT,3817.34,1760277167029,0.0014
BINANCE:ETHUSDT,3817.35,1760277167029,0.0014
BINANCE:ETHUSDT,3817.35,1760277167029,0.0014
BINANCE:ETHUSDT,3817.35,1760277167029,0.0027
BINANCE:ETHUSDT,3817.35,1760277167029,0.0014
BINANCE:ETHUSDT,3817.35,1760277167029,0.0014
BINANCE:ETHUSDT,3817.35,1760277167029,0.0014
BINANCE:ETHUSDT,3817.35,1760277167029,0.0014
BINANCE:ETHUSDT,3817.35,1760277167029,0.0014
BINANCE:ETHUSDT,3817.35,1760277167029,0.0014
BINANCE:ETHUSDT,3817.35,1760277167029,0.0014
BINANCE:ETHUSDT,3817.35,1760277167029,0.0015
BINANCE:ETHUSDT,3817.35,1760277167029,0.0015
BINANCE:ETHUSDT,3817.36,1760277167029,0.0058
BINANCE:ETHUSDT,3817.36,1760277167029,0.0027
BINANCE:ETHUSDT,3817.37,1760277167032,0.0015
BINANCE:ETHUSDT,3817.37,1760277167032,0.0015
BINANCE:ETHUSDT,3817.37,1760277167032,0.0014
BINANCE:ETHUSDT,3817.37,1760277167032,0.0014
BINANCE:ETHUSDT,3817.37,1760277167032,0.0014
BINANCE:ETHUSDT,3817.37,1760277167032,0.0014
BINANCE:ETHUSDT,3817.37,1760277167032,0.0014
BINANCE:ETHUSDT,3817.37,1760277167032,0.0014
BINANCE:ETHUSDT,3817.37,1760277167032,0.0014
BINANCE:ETHUSDT,3817.37,1760277167032,0.0014
BINANCE:ETHUSDT,3817.37,1760277167032,0.8558
BINANCE:ETHUSDT,3817.37,1760277167032,0.4
BINANCE:ETHUSDT,3817.37,1760277167032,0.73
BINANCE:ETHUSDT,3817.37,1760277167324,0.1147
BINANCE:ETHUSDT,3817.37,1760277167330,0.0761
BINANCE:ETHUSDT,3817.37,1760277167599,0.0245
BINANCE:ETHUSDT,3817.36,1760277167601,0.0461
BINANCE:ETHUSDT,3817.36,1760277167764,0.012
BINANCE:ETHUSDT,3817.36,1760277167764,0.5797
BINANCE:ETHUSDT,3817.36,1760277167764,0.5557
BINANCE:ETHUSDT,3817.36,1760277167764,0.0146
BINANCE:ETHUSDT,3817.36,1760277167764,0.0015
BINANCE:ETHUSDT,3817.36,1760277167764,0.0015
BINANCE:ETHUSDT,3817.36,1760277167764,0.0014
BINANCE:ETHUSDT,3817.36,1760277167764,0.0429
BINANCE:ETHUSDT,3817.36,1760277167764,0.005
BINANCE:ETHUSDT,3817.36,1760277167764,0.6353
BINANCE:ETHUSDT,3817.35,1760277167764,0.0099
BINANCE:ETHUSDT,3817.35,1760277167764,0.0014
BINANCE:ETHUSDT,3817.35,1760277167764,0.0015
BINANCE:ETHUSDT,3817.35,1760277167764,0.0015
BINANCE:ETHUSDT,3817.34,1760277167764,0.0014
BINANCE:ETHUSDT,3817.33,1760277167764,0.0014
BINANCE:ETHUSDT,3817.33,1760277167791,0.0337
BINANCE:ETHUSDT,3817.32,1760277167901,0.0014
BINANCE:ETHUSDT,3817.32,1760277167901,0.1232
BINANCE:ETHUSDT,3817.33,1760277167972,0.0137
BINANCE:ETHUSDT,3817.32,1760277167978,0.0457
BINANCE:ETHUSDT,3817.32,1760277168072,0.0039
BINANCE:ETHUSDT,3817.32,1760277168211,0.0015
BINANCE:ETHUSDT,3817.32,1760277168211,0.0015
BINANCE:ETHUSDT,3817.32,1760277168211,0.0427
BINANCE:ETHUSDT,3817.33,1760277168270,0.0065
BINANCE:ETHUSDT,3817.32,1760277168578,0.2553
BINANCE:ETHUSDT,3817.32,1760277168578,0.0133
BINANCE:ETHUSDT,3817.32,1760277168578,0.0014
BINANCE:ETHUSDT,3817.32,1760277168578,0.0015
BINANCE:ETHUSDT,3817.32,1760277168578,0.0015
BINANCE:ETHUSDT,3817.31,1760277168578,0.0014
BINANCE:ETHUSDT,3817.3,1760277168578,0.0014
BINANCE:ETHUSDT,3817.28,1760277168578,0.0014
BINANCE:ETHUSDT,3817.27,1760277168578,0.0014
BINANCE:ETHUSDT,3817.25,1760277168578,0.0014
BINANCE:ETHUSDT,3817.24,1760277168578,0.0014
BINANCE:ETHUSDT,3817.21,1760277168578,0.0014
BINANCE:ETHUSDT,3817.2,1760277168578,0.026
BINANCE:ETHUSDT,3817.2,1760277168578,0.0014
BINANCE:ETHUSDT,3817.2,1760277168578,0.0015
BINANCE:ETHUSDT,3817.2,1760277168578,0.0015
BINANCE:ETHUSDT,3817.19,1760277168578,0.0014
BINANCE:ETHUSDT,3817.18,1760277168578,0.0313
BINANCE:ETHUSDT,3817.18,1760277168578,0.0015
BINANCE:ETHUSDT,3817.18,1760277168578,0.0015
BINANCE:ETHUSDT,3817.16,1760277168578,0.0027
BINANCE:ETHUSDT,3817.14,1760277168578,0.0524
BINANCE:ETHUSDT,3817.14,1760277168578,0.0015
BINANCE:ETHUSDT,3817.14,1760277168578,0.0015
BINANCE:ETHUSDT,3817.05,1760277168578,0.0014
BINANCE:ETHUSDT,3817.04,1760277168578,0.4534
BINANCE:ETHUSDT,3809.56,1760277593119,0.0014
BINANCE:ETHUSDT,3809.56,1760277593119,0.0013
BINANCE:ETHUSDT,3809.56,1760277593658,0.0015
BINANCE:ETHUSDT,3809.56,1760277593658,0.0015
BINANCE:ETHUSDT,3809.56,1760277593658,0.0014
BINANCE:ETHUSDT,3809.57,1760277593676,0.0014
BINANCE:ETHUSDT,3809.57,1760277593676,0.0014
BINANCE:ETHUSDT,3809.57,1760277593676,0.0014
BINANCE:ETHUSDT,3809.57,1760277593676,0.0014
BINANCE:ETHUSDT,3809.57,1760277593676,0.0014
BINANCE:ETHUSDT,3809.57,1760277593676,0.0014
BINANCE:ETHUSDT,3809.57,1760277593676,0.0015
BINANCE:ETHUSDT,3809.57,1760277593676,0.0014
BINANCE:ETHUSDT,3809.57,1760277593676,0.0015
BINANCE:ETHUSDT,3809.58,1760277593676,0.0014
BINANCE:ETHUSDT,3809.58,1760277593676,0.0014
BINANCE:ETHUSDT,3809.58,1760277593676,0.0014
BINANCE:ETHUSDT,3809.59,1760277593676,0.0014
BINANCE:ETHUSDT,3809.6,1760277593676,0.0014
BINANCE:ETHUSDT,3809.61,1760277593676,0.0014
BINANCE:ETHUSDT,3809.64,1760277593678,0.0128
BINANCE:ETHUSDT,3809.64,1760277593684,0.003
BINANCE:ETHUSDT,3809.64,1760277593684,0.0015
BINANCE:ETHUSDT,3809.64,1760277593684,0.0015
BINANCE:ETHUSDT,3809.64,1760277593684,0.0014
BINANCE:ETHUSDT,3809.65,1760277593688,0.0074
BINANCE:ETHUSDT,3809.65,1760277593690,0.0189
BINANCE:ETHUSDT,3809.65,1760277593690,0.0014
BINANCE:ETHUSDT,3809.65,1760277593690,0.0015
BINANCE:ETHUSDT,3809.65,1760277593690,0.0015
BINANCE:ETHUSDT,3809.65,1760277593690,0.0014
BINANCE:ETHUSDT,3809.65,1760277593690,0.0014
BINANCE:ETHUSDT,3809.65,1760277593690,0.0014
BINANCE:ETHUSDT,3809.65,1760277593690,0.0014
BINANCE:ETHUSDT,3809.65,1760277593690,0.0014
BINANCE:ETHUSDT,3809.65,1760277593690,0.0014
BINANCE:ETHUSDT,3809.65,1760277593690,0.0014
BINANCE:ETHUSDT,3809.65,1760277593690,0.0014
BINANCE:ETHUSDT,3809.65,1760277593690,0.0014
BINANCE:ETHUSDT,3809.65,1760277593690,0.0014
BINANCE:ETHUSDT,3809.65,1760277593690,0.0014
BINANCE:ETHUSDT,3809.66,1760277593690,0.0526
BINANCE:ETHUSDT,3809.66,1760277593690,0.0015
BINANCE:ETHUSDT,3809.66,1760277593690,0.0015
BINANCE:ETHUSDT,3809.66,1760277593690,0.0014
BINANCE:ETHUSDT,3809.66,1760277593690,0.0014
BINANCE:ETHUSDT,3809.66,1760277593690,0.0014
BINANCE:ETHUSDT,3809.66,1760277593690,0.0014
BINANCE:ETHUSDT,3809.67,1760277593690,0.0014
BINANCE:ETHUSDT,3809.72,1760277593699,0.0014
BINANCE:ETHUSDT,3809.72,1760277593699,0.0014
BINANCE:ETHUSDT,3809.72,1760277593699,0.0014
BINANCE:ETHUSDT,3809.72,1760277593699,0.0014
BINANCE:ETHUSDT,3809.72,1760277593699,0.0014
BINANCE:ETHUSDT,3809.72,1760277593699,0.0014
BINANCE:ETHUSDT,3809.72,1760277593699,0.0014
BINANCE:ETHUSDT,3809.72,1760277593699,0.0014
BINANCE:ETHUSDT,3809.72,1760277593699,0.0015
BINANCE:ETHUSDT,3809.73,1760277593699,0.0014
BINANCE:ETHUSDT,3809.73,1760277593699,0.0014
BINANCE:ETHUSDT,3809.73,1760277593699,0.0014
BINANCE:ETHUSDT,3809.73,1760277593699,0.0014
BINANCE:ETHUSDT,3809.73,1760277593699,0.0014
BINANCE:ETHUSDT,3809.73,1760277593699,0.0014
BINANCE:ETHUSDT,3809.73,1760277593699,0.0014
BINANCE:ETHUSDT,3809.73,1760277593699,0.0014
BINANCE:ETHUSDT,3809.76,1760277593699,0.0014
BINANCE:ETHUSDT,3809.76,1760277593699,0.0014
BINANCE:ETHUSDT,3809.77,1760277593739,0.1313
BINANCE:ETHUSDT,3809.77,1760277593739,0.0014
BINANCE:ETHUSDT,3809.77,1760277593739,0.0014
BINANCE:ETHUSDT,3809.77,1760277593739,0.0014
BINANCE:ETHUSDT,3809.77,1760277593739,0.0014
BINANCE:ETHUSDT,3809.77,1760277593739,0.0014
BINANCE:ETHUSDT,3809.77,1760277593739,0.0015
BINANCE:ETHUSDT,3809.77,1760277593739,0.0015
BINANCE:ETHUSDT,3809.77,1760277593739,0.0014
BINANCE:ETHUSDT,3809.77,1760277593739,0.0014
BINANCE:ETHUSDT,3809.78,1760277593739,0.0014
BINANCE:ETHUSDT,3809.78,1760277593739,0.0014
BINANCE:ETHUSDT,3809.78,1760277593739,0.0014
BINANCE:ETHUSDT,3809.78,1760277593739,0.0014
BINANCE:ETHUSDT,3809.78,1760277593739,0.0014
BINANCE:ETHUSDT,3809.78,1760277593739,0.0015
BINANCE:ETHUSDT,3809.78,1760277593739,0.0015
BINANCE:ETHUSDT,3809.78,1760277593739,0.0014
BINANCE:ETHUSDT,3809.78,1760277593739,0.0014
BINANCE:ETHUSDT,3809.81,1760277593739,0.0014
BINANCE:ETHUSDT,3809.82,1760277593739,0.0014
BINANCE:ETHUSDT,3809.82,1760277593739,0.0027
BINANCE:ETHUSDT,3809.84,1760277593739,0.002
BINANCE:ETHUSDT,3809.84,1760277593739,0.0014
BINANCE:ETHUSDT,3809.87,1760277593739,0.0014
BINANCE:ETHUSDT,3809.88,1760277593740,0.0014
BINANCE:ETHUSDT,3809.89,1760277593740,0.0014
BINANCE:ETHUSDT,3809.89,1760277593740,0.0014
BINANCE:ETHUSDT,3809.9,1760277593740,0.0014
BINANCE:ETHUSDT,3809.91,1760277593740,0.0078
BINANCE:ETHUSDT,3809.91,1760277593740,0.002
BINANCE:ETHUSDT,3809.91,1760277593740,0.0014
BINANCE:ETHUSDT,3809.91,1760277593740,0.0015
BINANCE:ETHUSDT,3809.91,1760277593740,0.0015
BINANCE:ETHUSDT,3809.93,1760277593740,0.0014
BINANCE:ETHUSDT,3809.94,1760277593740,0.0313
BINANCE:ETHUSDT,3809.94,1760277593740,0.0014
BINANCE:ETHUSDT,3809.94,1760277593740,0.105
BINANCE:ETHUSDT,3809.94,1760277593740,0.105
BINANCE:ETHUSDT,3809.94,1760277593740,0.0015
BINANCE:ETHUSDT,3809.94,1760277593740,0.0015
BINANCE:ETHUSDT,3809.95,1760277593740,0.1
BINANCE:ETHUSDT,3809.95,1760277593740,0.0015
BINANCE:ETHUSDT,3809.95,1760277593740,0.0015
BINANCE:ETHUSDT,3809.97,1760277593747,0.0014
BINANCE:ETHUSDT,3809.97,1760277593747,0.0014
BINANCE:ETHUSDT,3809.97,1760277593747,0.0014
BINANCE:ETHUSDT,3809.97,1760277593747,0.0014
BINANCE:ETHUSDT,3809.97,1760277593747,0.0014
BINANCE:ETHUSDT,3809.97,1760277593747,0.0015
BINANCE:ETHUSDT,3809.97,1760277593747,0.0015
BINANCE:ETHUSDT,3809.98,1760277593747,0.78
BINANCE:ETHUSDT,3809.98,1760277593747,0.0015
BINANCE:ETHUSDT,3809.98,1760277593747,0.0015
BINANCE:ETHUSDT,3809.98,1760277593747,0.0014
BINANCE:ETHUSDT,3809.98,1760277593747,0.0014
BINANCE:ETHUSDT,3809.98,1760277593747,0.0014
BINANCE:ETHUSDT,3809.98,1760277593747,0.0014
BINANCE:ETHUSDT,3810.01,1760277593748,0.0258
BINANCE:ETHUSDT,3810.01,1760277593748,0.0065
BINANCE:ETHUSDT,3810.01,1760277593748,0.0027
BINANCE:ETHUSDT,3810.01,1760277593748,0.0015
BINANCE:ETHUSDT,3810.01,1760277593748,0.0015
BINANCE:ETHUSDT,3810.01,1760277593748,0.0014
BINANCE:ETHUSDT,3810.02,1760277593748,0.0158
BINANCE:ETHUSDT,3810.02,1760277593748,0.0015
BINANCE:ETHUSDT,3810.02,1760277593748,0.0015
BINANCE:ETHUSDT,3810.03,1760277593752,0.0263
BINANCE:ETHUSDT,3810.03,1760277593752,0.0015
BINANCE:ETHUSDT,3810.03,1760277593752,0.0015
BINANCE:ETHUSDT,3810.03,1760277593752,0.0014
BINANCE:ETHUSDT,3810.03,1760277593752,0.0014
BINANCE:ETHUSDT,3810.03,1760277593752,0.0014
BINANCE:ETHUSDT,3810.03,1760277593752,0.0014
BINANCE:ETHUSDT,3810.04,1760277593773,0.0525
BINANCE:ETHUSDT,3810.04,1760277593773,0.002
BINANCE:ETHUSDT,3810.04,1760277593773,0.0014
BINANCE:ETHUSDT,3810.04,1760277593773,0.0014
BINANCE:ETHUSDT,3810.04,1760277593773,0.0014
BINANCE:ETHUSDT,3810.05,1760277593773,0.0014
BINANCE:ETHUSDT,3810.06,1760277593776,0.0014
BINANCE:ETHUSDT,3810.06,1760277593776,0.0014
BINANCE:ETHUSDT,3810.06,1760277593776,0.0014
BINANCE:ETHUSDT,3810.07,1760277593776,0.0014
BINANCE:ETHUSDT,3810.08,1760277593776,0.0014
BINANCE:ETHUSDT,3810.12,1760277593776,0.0027
BINANCE:ETHUSDT,3810.12,1760277593776,0.0014
BINANCE:ETHUSDT,3810.14,1760277593776,0.0014
BINANCE:ETHUSDT,3810.14,1760277594163,0.0239
BINANCE:ETHUSDT,3810.14,1760277594163,0.0014
BINANCE:ETHUSDT,3810.14,1760277594163,0.2377
BINANCE:ETHUSDT,3810.14,1760277594216,0.5063
BINANCE:ETHUSDT,3810.14,1760277594216,0.0133
BINANCE:ETHUSDT,3810.14,1760277594216,0.0014
BINANCE:ETHUSDT,3810.14,1760277594216,0.0029
BINANCE:ETHUSDT,3810.14,1760277594216,0.0014
BINANCE:ETHUSDT,3810.14,1760277594216,0.0015
BINANCE:ETHUSDT,3810.14,1760277594216,0.3349
BINANCE:ETHUSDT,3810.14,1760277594216,0.0014
BINANCE:ETHUSDT,3810.14,1760277594216,0.0015
BINANCE:ETHUSDT,3810.14,1760277594216,0.0015
BINANCE:ETHUSDT,3810.13,1760277594497,0.0027
BINANCE:ETHUSDT,3810.13,1760277594497,0.0014
BINANCE:ETHUSDT,3810.13,1760277594497,0.0011
BINANCE:ETHUSDT,3810.13,1760277594817,0.0014
BINANCE:ETHUSDT,3810.13,1760277594817,0.0015
BINANCE:ETHUSDT,3810.13,1760277594817,0.0015
BINANCE:ETHUSDT,3810.13,1760277594817,0.0014
BINANCE:ETHUSDT,3810.13,1760277594817,0.0014
BINANCE:ETHUSDT,3810.13,1760277594817,0.0014
BINANCE:ETHUSDT,3810.13,1760277594817,0.0014
BINANCE:ETHUSDT,3810.13,1760277594817,0.0014
BINANCE:ETHUSDT,3810.13,1760277594817,0.0014
BINANCE:ETHUSDT,3810.13,1760277594987,0.2623
BINANCE:ETHUSDT,3819.31,1760277860175,0.6283
BINANCE:ETHUSDT,3819.3,1760277860763,0.0201
BINANCE:ETHUSDT,3819.31,1760277860790,0.0054
BINANCE:ETHUSDT,3819.31,1760277861781,0.0093
BINANCE:ETHUSDT,3819.31,1760277861781,0.012
BINANCE:ETHUSDT,3819.31,1760277861781,0.0014
BINANCE:ETHUSDT,3819.31,1760277861781,1.6889
BINANCE:ETHUSDT,3819.31,1760277862143,0.0014
BINANCE:ETHUSDT,3819.31,1760277862151,0.0041
BINANCE:ETHUSDT,3819.31,1760277862152,0.1297
BINANCE:ETHUSDT,3819.31,1760277862152,0.1
BINANCE:ETHUSDT,3819.31,1760277862152,0.0014
BINANCE:ETHUSDT,3819.31,1760277862152,0.018
BINANCE:ETHUSDT,3819.31,1760277862152,0.0015
BINANCE:ETHUSDT,3819.31,1760277862152,0.0014
BINANCE:ETHUSDT,3819.31,1760277862152,0.0015
BINANCE:ETHUSDT,3819.31,1760277862152,0.0014
BINANCE:ETHUSDT,3819.31,1760277862152,0.0014
BINANCE:ETHUSDT,3819.32,1760277862152,0.0014
BINANCE:ETHUSDT,3819.32,1760277862152,0.0014
BINANCE:ETHUSDT,3819.32,1760277862152,0.0015
BINANCE:ETHUSDT,3819.32,1760277862152,0.0015
BINANCE:ETHUSDT,3819.32,1760277862152,0.0014
BINANCE:ETHUSDT,3819.32,1760277862152,0.0014
BINANCE:ETHUSDT,3819.33,1760277862158,0.0014
BINANCE:ETHUSDT,3819.36,1760277862159,0.0014
BINANCE:ETHUSDT,3819.4,1760277862159,0.0014
BINANCE:ETHUSDT,3819.41,1760277862159,0.0014
BINANCE:ETHUSDT,3819.41,1760277862159,0.0027
BINANCE:ETHUSDT,3819.42,1760277862159,0.0027
BINANCE:ETHUSDT,3819.43,1760277862159,0.0014
BINANCE:ETHUSDT,3819.43,1760277862159,0.0014
BINANCE:ETHUSDT,3819.44,1760277862262,0.0785
BINANCE:ETHUSDT,3819.44,1760277862262,0.0014
BINANCE:ETHUSDT,3819.44,1760277862262,0.0014
BINANCE:ETHUSDT,3819.44,1760277862262,0.0014
BINANCE:ETHUSDT,3819.44,1760277862262,0.0014
BINANCE:ETHUSDT,3819.44,1760277862262,0.0014
BINANCE:ETHUSDT,3819.44,1760277862262,0.0015
BINANCE:ETHUSDT,3819.44,1760277862262,0.0015
BINANCE:ETHUSDT,3819.44,1760277862262,0.0014
BINANCE:ETHUSDT,3819.45,1760277862262,0.0014
BINANCE:ETHUSDT,3819.45,1760277862262,0.0014
BINANCE:ETHUSDT,3819.45,1760277862262,0.0014
BINANCE:ETHUSDT,3819.45,1760277862262,0.0014
BINANCE:ETHUSDT,3819.45,1760277862262,0.0014
BINANCE:ETHUSDT,3819.45,1760277862262,0.0015
BINANCE:ETHUSDT,3819.45,1760277862262,0.0015
BINANCE:ETHUSDT,3819.45,1760277862262,0.0012
BINANCE:ETHUSDT,3819.45,1760277862264,0.0002
BINANCE:ETHUSDT,3819.45,1760277862264,0.0015
BINANCE:ETHUSDT,3819.46,1760277862264,0.0014
BINANCE:ETHUSDT,3819.47,1760277862264,0.0014
BINANCE:ETHUSDT,3819.47,1760277862264,0.0014
BINANCE:ETHUSDT,3819.49,1760277862264,0.0027
BINANCE:ETHUSDT,3819.49,1760277862264,0.0014
BINANCE:ETHUSDT,4041.85,1760283113366,0.0989
BINANCE:ETHUSDT,4041.84,1760283113446,1.4363
BINANCE:ETHUSDT,4041.84,1760283113446,1.3224
BINANCE:ETHUSDT,4041.84,1760283113489,0.2353
BINANCE:ETHUSDT,4041.84,1760283113560,0.255
BINANCE:ETHUSDT,4041.84,1760283113750,0.0133
BINANCE:ETHUSDT,4041.84,1760283113750,5.5606
BINANCE:ETHUSDT,4041.84,1760283113750,4
BINANCE:ETHUSDT,4041.84,1760283113750,0.012
BINANCE:ETHUSDT,4041.84,1760283113750,0.0014
BINANCE:ETHUSDT,4041.84,1760283113750,0.0015
BINANCE:ETHUSDT,4041.84,1760283113750,0.0013
BINANCE:ETHUSDT,4041.84,1760283113750,0.0015
BINANCE:ETHUSDT,4041.84,1760283113750,0.0013
BINANCE:ETHUSDT,4041.83,1760283113750,0.0014
BINANCE:ETHUSDT,4041.82,1760283113750,0.0014
BINANCE:ETHUSDT,4041.71,1760283113751,0.0014
BINANCE:ETHUSDT,4041.7,1760283113751,0.0014
BINANCE:ETHUSDT,4041.7,1760283113751,0.0015
BINANCE:ETHUSDT,4041.7,1760283113751,0.0015
BINANCE:ETHUSDT,4041.7,1760283113751,0.0742
BINANCE:ETHUSDT,4041.69,1760283113751,0.0014
BINANCE:ETHUSDT,4041.69,1760283113751,0.0013
BINANCE:ETHUSDT,4041.69,1760283113751,0.0013
BINANCE:ETHUSDT,4041.68,1760283113751,0.0014
BINANCE:ETHUSDT,4041.67,1760283113751,0.0014
BINANCE:ETHUSDT,4041.67,1760283113751,0.0013
BINANCE:ETHUSDT,4041.67,1760283113751,0.0013
BINANCE:ETHUSDT,4041.66,1760283113751,0.0013
BINANCE:ETHUSDT,4041.66,1760283113751,0.0014
BINANCE:ETHUSDT,4041.59,1760283113751,0.0298
BINANCE:ETHUSDT,4041.59,1760283113751,0.0015
BINANCE:ETHUSDT,4041.59,1760283113751,0.0015
BINANCE:ETHUSDT,4041.59,1760283113751,0.0014
BINANCE:ETHUSDT,4041.46,1760283113751,0.0247
BINANCE:ETHUSDT,4041.46,1760283113751,0.0013
BINANCE:ETHUSDT,4041.46,1760283113751,0.0015
BINANCE:ETHUSDT,4041.46,1760283113751,0.0013
BINANCE:ETHUSDT,4041.46,1760283113751,0.0015
BINANCE:ETHUSDT,4041.46,1760283113751,0.0013
BINANCE:ETHUSDT,4041.46,1760283113751,0.0013
BINANCE:ETHUSDT,4041.44,1760283113751,0.099
BINANCE:ETHUSDT,4041.44,1760283113751,0.0015
BINANCE:ETHUSDT,4041.44,1760283113751,0.0015
BINANCE:ETHUSDT,4041.44,1760283113751,0.0013
BINANCE:ETHUSDT,4041.44,1760283113751,0.0013
BINANCE:ETHUSDT,4041.44,1760283113751,0.0013
BINANCE:ETHUSDT,4041.43,1760283113751,0.0013
BINANCE:ETHUSDT,4041.43,1760283113751,0.2835
BINANCE:ETHUSDT,4041.43,1760283113751,0.0015
BINANCE:ETHUSDT,4041.43,1760283113751,0.0015
BINANCE:ETHUSDT,4041.43,1760283113751,0.0013
BINANCE:ETHUSDT,4041.43,1760283113751,0.1
BINANCE:ETHUSDT,4041.43,1760283113751,0.0013
BINANCE:ETHUSDT,4041.43,1760283113751,0.0013
BINANCE:ETHUSDT,4041.41,1760283113751,0.0013
BINANCE:ETHUSDT,4041.4,1760283113751,0.1
BINANCE:ETHUSDT,4041.4,1760283113751,0.3
BINANCE:ETHUSDT,4041.4,1760283113751,0.0013
BINANCE:ETHUSDT,4041.4,1760283113751,0.0013
BINANCE:ETHUSDT,4041.35,1760283113751,0.0013
BINANCE:ETHUSDT,4041.35,1760283113751,0.0013
BINANCE:ETHUSDT,4041.35,1760283113751,0.0013
BINANCE:ETHUSDT,4041.32,1760283113751,0.0013
BINANCE:ETHUSDT,4041.32,1760283113751,0.0013
BINANCE:ETHUSDT,4041.32,1760283113751,0.0013
BINANCE:ETHUSDT,4041.31,1760283113751,0.511
BINANCE:ETHUSDT,4041.31,1760283113751,0.0013
BINANCE:ETHUSDT,4041.31,1760283113751,0.0013
BINANCE:ETHUSDT,4041.31,1760283113751,0.0013
BINANCE:ETHUSDT,4041.31,1760283113751,0.0013
BINANCE:ETHUSDT,4041.3,1760283113751,0.0013
BINANCE:ETHUSDT,4041.28,1760283113751,0.0495
BINANCE:ETHUSDT,4041.27,1760283113751,0.0013
BINANCE:ETHUSDT,4041.26,1760283113751,1.6432
BINANCE:ETHUSDT,4041.26,1760283113752,1.7318
BINANCE:ETHUSDT,4041.19,1760283113753,0.0013
BINANCE:ETHUSDT,4041.19,1760283113753,0.0013
BINANCE:ETHUSDT,4041.16,1760283113753,0.0013
BINANCE:ETHUSDT,4041.16,1760283113753,0.0013
BINANCE:ETHUSDT,4041.13,1760283113753,0.0149
BINANCE:ETHUSDT,4041.13,1760283113753,0.0013
BINANCE:ETHUSDT,4041.13,1760283113753,0.0013
BINANCE:ETHUSDT,4041.12,1760283113753,0.0372
BINANCE:ETHUSDT,4041.11,1760283113753,0.0013
BINANCE:ETHUSDT,4041.1,1760283113753,0.0013
BINANCE:ETHUSDT,4041.1,1760283113753,0.0013
BINANCE:ETHUSDT,4041.07,1760283113753,0.0013
BINANCE:ETHUSDT,4041.07,1760283113753,0.0013
BINANCE:ETHUSDT,4041.06,1760283113753,0.0019
BINANCE:ETHUSDT,4041.06,1760283113753,0.0743
BINANCE:ETHUSDT,4041.04,1760283113753,0.0248
BINANCE:ETHUSDT,4041.04,1760283113753,0.1238
BINANCE:ETHUSDT,4041.04,1760283113753,0.0013
BINANCE:ETHUSDT,4041.04,1760283113753,0.0013
BINANCE:ETHUSDT,4041.03,1760283113753,0.1
BINANCE:ETHUSDT,4041.03,1760283113753,0.0013
BINANCE:ETHUSDT,4041.03,1760283113753,0.0049
BINANCE:ETHUSDT,4041.03,1760283113753,0.5151
BINANCE:ETHUSDT,4041.03,1760283113753,0.0013
BINANCE:ETHUSDT,4041.01,1760283113753,0.52
BINANCE:ETHUSDT,4041.01,1760283113753,0.3396
BINANCE:ETHUSDT,4041.01,1760283113753,0.1804
BINANCE:ETHUSDT,4040.98,1760283113753,0.72
BINANCE:ETHUSDT,4040.94,1760283113753,0.0013
BINANCE:ETHUSDT,4040.94,1760283113753,0.0013
BINANCE:ETHUSDT,4040.92,1760283113753,0.0146
BINANCE:ETHUSDT,4040.92,1760283113753,0.0013
BINANCE:ETHUSDT,4040.89,1760283113753,0.0298
BINANCE:ETHUSDT,4040.89,1760283113753,0.0013
BINANCE:ETHUSDT,4040.89,1760283113753,0.0013
BINANCE:ETHUSDT,4040.88,1760283113753,0.4307
BINANCE:ETHUSDT,4040.88,1760283113753,0.0893
BINANCE:ETHUSDT,4040.87,1760283113753,1.2887
BINANCE:ETHUSDT,4040.87,1760283113753,0.0133
BINANCE:ETHUSDT,4040.87,1760283113753,1.378
BINANCE:ETHUSDT,4040.87,1760283113754,1.378
BINANCE:ETHUSDT,4040.87,1760283113754,0.503
BINANCE:ETHUSDT,4040.87,1760283113754,0.0495
BINANCE:ETHUSDT,4040.87,1760283113754,0.0013
BINANCE:ETHUSDT,4040.87,1760283113754,0.0013
BINANCE:ETHUSDT,4040.84,1760283113754,0.0013
BINANCE:ETHUSDT,4040.83,1760283113754,0.572
BINANCE:ETHUSDT,4040.83,1760283113754,0.2536
BINANCE:ETHUSDT,4040.83,1760283113756,0.3184
BINANCE:ETHUSDT,4040.79,1760283113756,0.002
BINANCE:ETHUSDT,4040.77,1760283113756,0.52
BINANCE:ETHUSDT,4040.74,1760283113756,0.0025
BINANCE:ETHUSDT,4040.73,1760283113756,0.0013
BINANCE:ETHUSDT,4040.73,1760283113756,0.0095
BINANCE:ETHUSDT,4040.72,1760283113756,0.0149
BINANCE:ETHUSDT,4040.72,1760283113756,0.7396
BINANCE:ETHUSDT,4040.71,1760283113756,0.0372
BINANCE:ETHUSDT,4040.71,1760283113756,0.52
BINANCE:ETHUSDT,4040.69,1760283113756,3.375
BINANCE:ETHUSDT,4040.66,1760283113756,0.0019
BINANCE:ETHUSDT,4040.66,1760283113756,0.0061
BINANCE:ETHUSDT,4040.65,1760283113756,0.0743
BINANCE:ETHUSDT,4040.64,1760283113756,0.0248
BINANCE:ETHUSDT,4040.63,1760283113756,0.1238
BINANCE:ETHUSDT,4040.63,1760283113756,0.1
BINANCE:ETHUSDT,4040.59,1760283113756,0.7298
BINANCE:ETHUSDT,4040.56,1760283113756,0.572
BINANCE:ETHUSDT,4040.54,1760283113756,0.0013
BINANCE:ETHUSDT,4040.52,1760283113756,0.0424
BINANCE:ETHUSDT,4040.52,1760283113756,0.52
BINANCE:ETHUSDT,4040.47,1760283113756,0.0495
BINANCE:ETHUSDT,4040.4,1760283113757,0.0025
BINANCE:ETHUSDT,4040.4,1760283113757,0.0013
BINANCE:ETHUSDT,4040.38,1760283113757,0.4948
BINANCE:ETHUSDT,4040.37,1760283113757,1.152
BINANCE:ETHUSDT,4040.35,1760283113757,0.0013
BINANCE:ETHUSDT,4040.34,1760283113757,0.624
BINANCE:ETHUSDT,4040.33,1760283113757,0.0014
BINANCE:ETHUSDT,4040.32,1760283113757,0.0149
BINANCE:ETHUSDT,4040.32,1760283113757,0.52
BINANCE:ETHUSDT,4040.31,1760283113757,0.0372
BINANCE:ETHUSDT,4040.3,1760283113757,0.0273
BINANCE:ETHUSDT,4040.29,1760283113757,2.5602
BINANCE:ETHUSDT,4040.26,1760283113757,0.0019
BINANCE:ETHUSDT,4040.25,1760283113757,0.0743
BINANCE:ETHUSDT,4040.23,1760283113757,3.375
BINANCE:ETHUSDT,4040.23,1760283113757,0.0248
BINANCE:ETHUSDT,4040.23,1760283113757,0.1238
BINANCE:ETHUSDT,4040.23,1760283113757,5.5966
BINANCE:ETHUSDT,4040.21,1760283113757,0.0013
BINANCE:ETHUSDT,4040.16,1760283113757,0.7845
BINANCE:ETHUSDT,4040.16,1760283113757,0.7845
BINANCE:ETHUSDT,4040.16,1760283113757,0.7844
BINANCE:ETHUSDT,4040.16,1760283113757,0.0013
BINANCE:ETHUSDT,4040.15,1760283113757,0.7845
BINANCE:ETHUSDT,4040.15,1760283113757,0.7845
BINANCE:ETHUSDT,4040.12,1760283113757,0.52
BINANCE:ETHUSDT,4040.12,1760283113757,0.7076
BINANCE:ETHUSDT,4040.1,1760283113757,0.0025
BINANCE:ETHUSDT,4040.09,1760283113757,0.52
BINANCE:ETHUSDT,4040.06,1760283113757,0.0496
BINANCE:ETHUSDT,4040.03,1760283113757,0.0013
BINANCE:ETHUSDT,4040.03,1760283113757,0.7298
BINANCE:ETHUSDT,4039.97,1760283113757,0.0013
BINANCE:ETHUSDT,4039.96,1760283113757,0.0025
BINANCE:ETHUSDT,4039.95,1760283113757,0.7076
BINANCE:ETHUSDT,4039.94,1760283113757,0.841
BINANCE:ETHUSDT,4039.94,1760283113757,0.7076
BINANCE:ETHUSDT,4039.92,1760283113757,0.0149
BINANCE:ETHUSDT,4039.9,1760283113757,0.0372
BINANCE:ETHUSDT,4039.86,1760283113757,0.0019
BINANCE:ETHUSDT,4039.85,1760283113757,0.7298
BINANCE:ETHUSDT,4039.84,1760283113757,0.0743
BINANCE:ETHUSDT,4039.84,1760283113757,0.0013
BINANCE:ETHUSDT,4039.83,1760283113757,0.0248
BINANCE:ETHUSDT,4039.82,1760283113757,0.1238
BINANCE:ETHUSDT,4039.78,1760283113757,0.0013
BINANCE:ETHUSDT,4039.76,1760283113757,0.4267
BINANCE:ETHUSDT,4039.76,1760283113761,1.4975
BINANCE:ETHUSDT,4039.76,1760283113761,0.4
BINANCE:ETHUSDT,4039.73,1760283113761,0.52
BINANCE:ETHUSDT,4039.67,1760283113761,3.375
BINANCE:ETHUSDT,4039.66,1760283113761,0.0496
BINANCE:ETHUSDT,4039.66,1760283113761,9.044
BINANCE:ETHUSDT,4039.59,1760283113761,0.0013
BINANCE:ETHUSDT,4039.57,1760283113761,0.7298
BINANCE:ETHUSDT,4039.56,1760283113761,0.0025
BINANCE:ETHUSDT,4039.56,1760283113761,0.7076
BINANCE:ETHUSDT,4039.55,1760283113761,32.4328
BINANCE:ETHUSDT,4039.54,1760283113761,1.4403
BINANCE:ETHUSDT,4039.51,1760283113761,0.0149
BINANCE:ETHUSDT,4039.5,1760283113761,0.0372
BINANCE:ETHUSDT,4039.47,1760283113761,0.0013
BINANCE:ETHUSDT,4039.46,1760283113761,0.0019
BINANCE:ETHUSDT,4039.44,1760283113761,0.0743
BINANCE:ETHUSDT,4039.43,1760283113761,0.0248
BINANCE:ETHUSDT,4039.42,1760283113761,0.1238
BINANCE:ETHUSDT,4039.41,1760283113761,0.0025
BINANCE:ETHUSDT,4039.41,1760283113761,0.0025
BINANCE:ETHUSDT,4039.41,1760283113763,0.5012
BINANCE:ETHUSDT,4039.4,1760283113763,0.0025
BINANCE:ETHUSDT,4039.4,1760283113763,0.0013
BINANCE:ETHUSDT,4039.4,1760283113763,0.108
BINANCE:ETHUSDT,4039.4,1760283113763,0.005
BINANCE:ETHUSDT,4039.39,1760283113763,0.0298
BINANCE:ETHUSDT,4039.38,1760283113763,0.7076
BINANCE:ETHUSDT,4039.3,1760283113763,0.005
BINANCE:ETHUSDT,4039.29,1760283113763,0.0013
BINANCE:ETHUSDT,4039.28,1760283113763,0.0203
BINANCE:ETHUSDT,4039.28,1760283113764,0.1259
BINANCE:ETHUSDT,4039.27,1760283113764,0.4361
BINANCE:ETHUSDT,4039.27,1760283113764,0.7076
BINANCE:ETHUSDT,4039.27,1760283113764,1.2039
BINANCE:ETHUSDT,4039.27,1760283113765,0.6031
BINANCE:ETHUSDT,4039.27,1760283113765,0.3249
BINANCE:ETHUSDT,4040.87,1760283113766,0.0013
BINANCE:ETHUSDT,4040.87,1760283113766,0.0013
BINANCE:ETHUSDT,4039.27,1760283113766,0.9254
BINANCE:ETHUSDT,4039.27,1760283113767,0.0025
BINANCE:ETHUSDT,4039.27,1760283113767,0.0025
BINANCE:ETHUSDT,4039.27,1760283113767,0.5517
BINANCE:ETHUSDT,4039.27,1760283113767,0.2483
BINANCE:ETHUSDT,4039.27,1760283113770,1.5587
BINANCE:ETHUSDT,4039.27,1760283113770,0.0413
BINANCE:ETHUSDT,4039.27,1760283113770,1.382
BINANCE:ETHUSDT,4039.27,1760283113773,0.0025
BINANCE:ETHUSDT,4039.27,1760283113773,0.0025
BINANCE:ETHUSDT,4039.76,1760283113778,0.0013
BINANCE:ETHUSDT,4039.76,1760283113778,0.0013
BINANCE:ETHUSDT,4039.76,1760283113778,0.0013
BINANCE:ETHUSDT,4039.76,1760283113778,0.0013
BINANCE:ETHUSDT,4039.76,1760283113778,0.0013
BINANCE:ETHUSDT,4039.76,1760283113778,0.0013
BINANCE:ETHUSDT,4039.76,1760283113778,0.0013
BINANCE:ETHUSDT,4039.75,1760283113778,0.0013
BINANCE:ETHUSDT,4039.75,1760283113778,0.0013
BINANCE:ETHUSDT,4039.75,1760283113778,0.0013
BINANCE:ETHUSDT,4039.27,1760283113781,0.0494
BINANCE:ETHUSDT,4039.27,1760283113785,0.3293
BINANCE:ETHUSDT,4039.27,1760283113785,0.0013
BINANCE:ETHUSDT,4039.27,1760283113785,0.0013
BINANCE:ETHUSDT,4039.27,1760283113785,0.2101
BINANCE:ETHUSDT,4039.4,1760283113787,0.4949
BINANCE:ETHUSDT,4039.27,1760283113787,1.333
BINANCE:ETHUSDT,4039.27,1760283113788,0.2639
BINANCE:ETHUSDT,4039.27,1760283113788,0.0013
BINANCE:ETHUSDT,4039.27,1760283113788,0.0013
BINANCE:ETHUSDT,4039.27,1760283113788,0.2184
BINANCE:ETHUSDT,4039.27,1760283113788,0.1732
BINANCE:ETHUSDT,4039.27,1760283113789,0.4188
BINANCE:ETHUSDT,4039.27,1760283113789,0.9468
BINANCE:ETHUSDT,4039.27,1760283113795,0.0493
BINANCE:ETHUSDT,4039.27,1760283113795,0.0013
BINANCE:ETHUSDT,4039.26,1760283113795,0.0496
BINANCE:ETHUSDT,4039.23,1760283113795,0.002
BINANCE:ETHUSDT,4039.21,1760283113795,0.0013
BINANCE:ETHUSDT,4039.21,1760283113795,1.152
BINANCE:ETHUSDT,4039.2,1760283113795,0.005
BINANCE:ETHUSDT,4039.18,1760283113795,0.3289
BINANCE:ETHUSDT,4038.8,1760283113834,0.005
BINANCE:ETHUSDT,4038.73,1760283113834,0.0013
BINANCE:ETHUSDT,4038.72,1760283113834,0.0298
BINANCE:ETHUSDT,4038.7,1760283113834,0.0149
BINANCE:ETHUSDT,4038.7,1760283113834,0.005
BINANCE:ETHUSDT,4038.69,1760283113834,0.0372
BINANCE:ETHUSDT,4038.66,1760283113834,0.0019
BINANCE:ETHUSDT,4038.66,1760283113834,0.0254
BINANCE:ETHUSDT,4038.66,1760283113835,0.0495
BINANCE:ETHUSDT,4038.66,1760283113835,0.0241
BINANCE:ETHUSDT,4038.64,1760283113835,0.0013
BINANCE:ETHUSDT,4038.63,1760283113835,0.0241
BINANCE:ETHUSDT,4038.63,1760283113844,0.0502
BINANCE:ETHUSDT,4038.63,1760283113844,0.0013
BINANCE:ETHUSDT,4038.63,1760283113844,0.0013
BINANCE:ETHUSDT,4038.63,1760283113844,0.0013
BINANCE:ETHUSDT,4038.63,1760283113844,0.0013
BINANCE:ETHUSDT,4038.63,1760283113844,0.0013
BINANCE:ETHUSDT,4038.63,1760283113844,0.0013
BINANCE:ETHUSDT,4038.62,1760283113844,0.0248
BINANCE:ETHUSDT,4038.61,1760283113844,0.0904
BINANCE:ETHUSDT,4039.18,1760283113800,0.2951
BINANCE:ETHUSDT,4039.17,1760283113800,0.6164
BINANCE:ETHUSDT,4039.12,1760283113800,0.4391
BINANCE:ETHUSDT,4039.11,1760283113800,0.0149
BINANCE:ETHUSDT,4039.1,1760283113800,0.005
BINANCE:ETHUSDT,4039.1,1760283113800,0.0013
BINANCE:ETHUSDT,4039.09,1760283113800,0.0348
BINANCE:ETHUSDT,4039.09,1760283113808,0.0024
BINANCE:ETHUSDT,4039.06,1760283113808,0.0019
BINANCE:ETHUSDT,4039.06,1760283113808,0.0947
BINANCE:ETHUSDT,4039.18,1760283113855,0.0013
BINANCE:ETHUSDT,4039.06,1760283113808,0.0494
BINANCE:ETHUSDT,4038.74,1760283113855,0.1095
BINANCE:ETHUSDT,4039.06,1760283113808,0.099
BINANCE:ETHUSDT,4038.61,1760283113855,0.0335
BINANCE:ETHUSDT,4038.61,1760283113855,0.0013
BINANCE:ETHUSDT,4038.61,1760283113855,0.0013
BINANCE:ETHUSDT,4038.61,1760283113855,0.0013
BINANCE:ETHUSDT,4038.61,1760283113855,0.0013
BINANCE:ETHUSDT,4039.26,1760283113809,0.0013
BINANCE:ETHUSDT,4038.61,1760283113855,0.0013
BINANCE:ETHUSDT,4038.61,1760283113855,0.0013
BINANCE:ETHUSDT,4038.61,1760283113855,0.0013
BINANCE:ETHUSDT,4038.61,1760283113855,0.0013
BINANCE:ETHUSDT,4038.61,1760283113855,0.0013
BINANCE:ETHUSDT,4038.61,1760283113855,0.0013
BINANCE:ETHUSDT,4038.61,1760283113855,0.0013
BINANCE:ETHUSDT,4038.61,1760283113855,0.0013
BINANCE:ETHUSDT,4038.6,1760283113855,0.005
BINANCE:ETHUSDT,4038.56,1760283113855,0.0831
BINANCE:ETHUSDT,4039.06,1760283113810,0.21
BINANCE:ETHUSDT,4039.17,1760283113864,0.0013
BINANCE:ETHUSDT,4039.17,1760283113864,0.0013
BINANCE:ETHUSDT,4039.17,1760283113864,0.0013
BINANCE:ETHUSDT,4039.17,1760283113864,0.0013
BINANCE:ETHUSDT,4039.17,1760283113864,0.0013
BINANCE:ETHUSDT,4039.17,1760283113864,0.0013
BINANCE:ETHUSDT,4039.17,1760283113864,0.0013
BINANCE:ETHUSDT,4039.17,1760283113864,0.0013
BINANCE:ETHUSDT,4039.26,1760283113817,0.0013
BINANCE:ETHUSDT,4039.26,1760283113817,0.0013
BINANCE:ETHUSDT,4039.17,1760283113864,0.0013
BINANCE:ETHUSDT,4039.21,1760283113817,0.0013
BINANCE:ETHUSDT,4039.08,1760283113864,0.0013
BINANCE:ETHUSDT,4039.12,1760283113817,0.0013
BINANCE:ETHUSDT,4039.12,1760283113817,0.0013
BINANCE:ETHUSDT,4039.06,1760283113864,0.0013
BINANCE:ETHUSDT,4039.06,1760283113817,0.0248
BINANCE:ETHUSDT,4039.06,1760283113864,0.0013
BINANCE:ETHUSDT,4038.92,1760283113864,0.0013
BINANCE:ETHUSDT,4038.92,1760283113864,0.0013
BINANCE:ETHUSDT,4038.91,1760283113864,0.0013
BINANCE:ETHUSDT,4038.91,1760283113864,0.0013
BINANCE:ETHUSDT,4038.56,1760283113864,0.0488
BINANCE:ETHUSDT,4038.54,1760283113864,0.0019
BINANCE:ETHUSDT,4038.54,1760283113864,0.0013
BINANCE:ETHUSDT,4038.5,1760283113864,0.005
BINANCE:ETHUSDT,4038.49,1760283113864,0.0684
BINANCE:ETHUSDT,4038.47,1760283113864,0.0538
BINANCE:ETHUSDT,4039.07,1760283113879,0.0013
BINANCE:ETHUSDT,4039.06,1760283113830,0.7594
BINANCE:ETHUSDT,4039.06,1760283113830,0.0013
BINANCE:ETHUSDT,4039.06,1760283113830,0.0013
BINANCE:ETHUSDT,4039.06,1760283113830,0.0013
BINANCE:ETHUSDT,4039.06,1760283113830,0.0013
BINANCE:ETHUSDT,4039.06,1760283113830,0.0013
BINANCE:ETHUSDT,4039.06,1760283113830,0.0013
BINANCE:ETHUSDT,4039.06,1760283113830,0.0013
BINANCE:ETHUSDT,4039.06,1760283113830,0.0013
BINANCE:ETHUSDT,4039.04,1760283113830,0.0743
BINANCE:ETHUSDT,4039.04,1760283113830,0.0013
BINANCE:ETHUSDT,4039.02,1760283113907,0.0013
BINANCE:ETHUSDT,4039.04,1760283113830,0.0013
BINANCE:ETHUSDT,4039.02,1760283113830,0.0248
BINANCE:ETHUSDT,4039.02,1760283113830,0.0013
BINANCE:ETHUSDT,4039.02,1760283113907,0.0013
BINANCE:ETHUSDT,4039.02,1760283113830,0.0013
BINANCE:ETHUSDT,4039.02,1760283113907,0.0013
BINANCE:ETHUSDT,4039.02,1760283113830,0.0013
BINANCE:ETHUSDT,4039.01,1760283113907,0.0013
BINANCE:ETHUSDT,4039.01,1760283113830,0.1238
BINANCE:ETHUSDT,4039.01,1760283113907,0.0013
BINANCE:ETHUSDT,4039,1760283113830,0.005
BINANCE:ETHUSDT,4039.01,1760283113907,0.0013
BINANCE:ETHUSDT,4038.94,1760283113830,0.4949
BINANCE:ETHUSDT,4038.98,1760283113907,0.0013
BINANCE:ETHUSDT,4038.91,1760283113830,0.0013
BINANCE:ETHUSDT,4038.81,1760283113907,0.0013
BINANCE:ETHUSDT,4038.9,1760283113830,0.005
BINANCE:ETHUSDT,4038.81,1760283113907,0.0013
BINANCE:ETHUSDT,4038.87,1760283113830,0.099
BINANCE:ETHUSDT,4038.79,1760283113907,0.0013
BINANCE:ETHUSDT,4038.87,1760283113830,0.099
BINANCE:ETHUSDT,4038.79,1760283113907,0.0013
BINANCE:ETHUSDT,4038.85,1760283113830,0.0496
BINANCE:ETHUSDT,4038.79,1760283113907,0.0013
BINANCE:ETHUSDT,4038.84,1760283113830,0.002
BINANCE:ETHUSDT,4038.78,1760283113907,0.0013
BINANCE:ETHUSDT,4038.83,1760283113830,0.0013
BINANCE:ETHUSDT,4038.78,1760283113907,0.0013
BINANCE:ETHUSDT,4038.78,1760283113907,0.0013
BINANCE:ETHUSDT,4038.82,1760283113830,0.0788
BINANCE:ETHUSDT,4038.77,1760283113907,0.0013
BINANCE:ETHUSDT,4038.77,1760283113907,0.0013
BINANCE:ETHUSDT,4038.81,1760283113834,0.01
BINANCE:ETHUSDT,4038.75,1760283113907,0.0013
BINANCE:ETHUSDT,4038.75,1760283113907,0.0013
BINANCE:ETHUSDT,4038.74,1760283113907,0.0013
BINANCE:ETHUSDT,4038.74,1760283113907,0.0013
BINANCE:ETHUSDT,4038.73,1760283113907,0.0013
BINANCE:ETHUSDT,4038.73,1760283113907,0.0013
BINANCE:ETHUSDT,4038.59,1760283113907,0.0025
BINANCE:ETHUSDT,4038.47,1760283113907,0.0172
BINANCE:ETHUSDT,4038.62,1760283113950,0.0086
BINANCE:ETHUSDT,4038.62,1760283113966,0.0495
BINANCE:ETHUSDT,4038.7,1760283113982,0.0298
BINANCE:ETHUSDT,4038.59,1760283113982,0.0014
BINANCE:ETHUSDT,4038.49,1760283113982,0.0013
BINANCE:ETHUSDT,4038.49,1760283113982,0.0013
BINANCE:ETHUSDT,4038.48,1760283113982,2
BINANCE:ETHUSDT,4038.48,1760283113982,0.0195
BINANCE:ETHUSDT,4038.77,1760283113983,0.0048
BINANCE:ETHUSDT,4038.78,1760283113983,0.2609
BINANCE:ETHUSDT,4038.67,1760283113983,0.0048
BINANCE:ETHUSDT,4038.62,1760283113984,0.1997
BINANCE:ETHUSDT,4038.61,1760283113984,0.0664
BINANCE:ETHUSDT,4038.62,1760283113988,3.0787
BINANCE:ETHUSDT,4038.62,1760283113991,0.2731
BINANCE:ETHUSDT,4038.62,1760283113992,0.4485
BINANCE:ETHUSDT,4038.64,1760283113992,0.9355
BINANCE:ETHUSDT,4038.62,1760283113993,1
BINANCE:ETHUSDT,4038.64,1760283113993,0.5645
BINANCE:ETHUSDT,4038.67,1760283113993,0.0028
BINANCE:ETHUSDT,4038.67,1760283113993,0.2617
BINANCE:ETHUSDT,4038.67,1760283113993,0.3196
BINANCE:ETHUSDT,4038.67,1760283113993,0.0015
BINANCE:ETHUSDT,4038.67,1760283113993,0.2476
BINANCE:ETHUSDT,4038.67,1760283113993,0.0949
BINANCE:ETHUSDT,4038.68,1760283113993,0.0025
BINANCE:ETHUSDT,4038.68,1760283113993,0.0015
BINANCE:ETHUSDT,4039.01,1760283113995,0.2792
BINANCE:ETHUSDT,4039.03,1760283113995,0.0248
BINANCE:ETHUSDT,4039.04,1760283113995,0.0743
BINANCE:ETHUSDT,4039.06,1760283113995,0.0015
BINANCE:ETHUSDT,4039.06,1760283113995,0.1055
BINANCE:ETHUSDT,4039.06,1760283113996,0.3338
BINANCE:ETHUSDT,4039.08,1760283114002,0.0015
BINANCE:ETHUSDT,4039.08,1760283114002,0.0332
BINANCE:ETHUSDT,4039.08,1760283114006,0.0907
BINANCE:ETHUSDT,4039.08,1760283114006,0.0826
BINANCE:ETHUSDT,4039.08,1760283114009,0.4375
BINANCE:ETHUSDT,4039.11,1760283114009,0.0149
BINANCE:ETHUSDT,4039.17,1760283114009,0.1195
BINANCE:ETHUSDT,4038.94,1760283114023,0.0397
BINANCE:ETHUSDT,4038.94,1760283114026,0.0265
BINANCE:ETHUSDT,4038.94,1760283114029,0.0262
BINANCE:ETHUSDT,4038.97,1760283114032,0.0013
BINANCE:ETHUSDT,4038.97,1760283114032,0.0013
BINANCE:ETHUSDT,4038.97,1760283114032,0.0013
BINANCE:ETHUSDT,4039,1760283114032,0.3
BINANCE:ETHUSDT,4039,1760283114032,0.1
BINANCE:ETHUSDT,4039.01,1760283114032,0.0013
BINANCE:ETHUSDT,4039.01,1760283114032,0.0013
BINANCE:ETHUSDT,4039.01,1760283114032,0.0013
BINANCE:ETHUSDT,4039.02,1760283114032,0.0013
BINANCE:ETHUSDT,4039.02,1760283114032,0.0013
BINANCE:ETHUSDT,4039.02,1760283114032,0.0013
BINANCE:ETHUSDT,4039.02,1760283114044,0.0038
BINANCE:ETHUSDT,4039.03,1760283114053,0.0015
BINANCE:ETHUSDT,4039.04,1760283114053,0.101
BINANCE:ETHUSDT,4039.05,1760283114053,0.0013
BINANCE:ETHUSDT,4039.05,1760283114053,0.0013
BINANCE:ETHUSDT,4039.05,1760283114053,0.0013
BINANCE:ETHUSDT,4039.07,1760283114053,0.0015
BINANCE:ETHUSDT,4039.07,1760283114053,0.0013
BINANCE:ETHUSDT,4039.07,1760283114053,0.0013
BINANCE:ETHUSDT,4039.07,1760283114053,0.0013
BINANCE:ETHUSDT,4039.08,1760283114053,0.0015
BINANCE:ETHUSDT,4039.17,1760283114064,0.0025
BINANCE:ETHUSDT,4039.17,1760283114064,0.0013
BINANCE:ETHUSDT,4039.17,1760283114064,0.0013
BINANCE:ETHUSDT,4039.17,1760283114064,0.0013
BINANCE:ETHUSDT,4039.19,1760283114066,0.0372
BINANCE:ETHUSDT,4039.26,1760283114072,0.0494
BINANCE:ETHUSDT,4039.26,1760283114076,0.0002
BINANCE:ETHUSDT,4039.37,1760283114076,0.0025
BINANCE:ETHUSDT,4039.41,1760283114076,0.0317
BINANCE:ETHUSDT,4039.42,1760283114076,0.0647
BINANCE:ETHUSDT,4039.19,1760283114102,0.0015
BINANCE:ETHUSDT,4039.19,1760283114102,0.001
BINANCE:ETHUSDT,4039.19,1760283114102,0.0025
BINANCE:ETHUSDT,4039.19,1760283114102,0.0009
BINANCE:ETHUSDT,4039.26,1760283114102,0.0015
BINANCE:ETHUSDT,4039.28,1760283114102,0.0013
BINANCE:ETHUSDT,4039.28,1760283114102,0.0013
BINANCE:ETHUSDT,4039.28,1760283114102,0.0013
BINANCE:ETHUSDT,4039.29,1760283114102,0.0015
BINANCE:ETHUSDT,4039.41,1760283114102,0.0015
BINANCE:ETHUSDT,4039.42,1760283114102,0.0591
BINANCE:ETHUSDT,4039.42,1760283114102,0.0015
BINANCE:ETHUSDT,4039.43,1760283114102,0.0248
BINANCE:ETHUSDT,4039.45,1760283114109,0.0495
BINANCE:ETHUSDT,4039.45,1760283114123,0.0025
BINANCE:ETHUSDT,4039.45,1760283114123,0.0223
BINANCE:ETHUSDT,4039.45,1760283114123,0.0015
BINANCE:ETHUSDT,4039.47,1760283114123,0.0019
BINANCE:ETHUSDT,4039.48,1760283114123,0.0025
BINANCE:ETHUSDT,4039.5,1760283114123,0.0372
BINANCE:ETHUSDT,4039.5,1760283114123,0.0015
BINANCE:ETHUSDT,4039.52,1760283114124,0.0149
BINANCE:ETHUSDT,4039.52,1760283114124,0.0015
BINANCE:ETHUSDT,4039.53,1760283114124,0.0298
BINANCE:ETHUSDT,4039.62,1760283114124,0.0013
BINANCE:ETHUSDT,4039.62,1760283114124,0.0013
BINANCE:ETHUSDT,4039.62,1760283114124,0.0013
BINANCE:ETHUSDT,4039.63,1760283114124,0.8
BINANCE:ETHUSDT,4039.63,1760283114124,0.2
BINANCE:ETHUSDT,4039.63,1760283114124,0.87
BINANCE:ETHUSDT,4039.62,1760283114241,0.0014
BINANCE:ETHUSDT,4039.63,1760283114269,0.0015
BINANCE:ETHUSDT,4039.63,1760283114269,0.0015
BINANCE:ETHUSDT,4039.64,1760283114269,0.0007
BINANCE:ETHUSDT,4039.64,1760283114357,0.0015
BINANCE:ETHUSDT,4039.64,1760283114357,0.0015
BINANCE:ETHUSDT,4039.65,1760283114357,0.0079
BINANCE:ETHUSDT,4039.67,1760283114357,0.0002
BINANCE:ETHUSDT,4039.67,1760283114357,0.0494
BINANCE:ETHUSDT,4039.67,1760283114357,0.0015
BINANCE:ETHUSDT,4039.68,1760283114357,0.0025
BINANCE:ETHUSDT,4039.71,1760283114357,0.0025
BINANCE:ETHUSDT,4039.72,1760283114357,0.0013
BINANCE:ETHUSDT,4039.72,1760283114357,0.0013
BINANCE:ETHUSDT,4039.72,1760283114357,0.0013
BINANCE:ETHUSDT,4039.73,1760283114357,0.4487
BINANCE:ETHUSDT,4039.73,1760283114359,0.0112
BINANCE:ETHUSDT,4039.73,1760283114359,0.0719
BINANCE:ETHUSDT,4039.73,1760283114359,0.0015
BINANCE:ETHUSDT,4039.78,1760283114359,0.0013
BINANCE:ETHUSDT,4039.8,1760283114359,0.0061
BINANCE:ETHUSDT,4039.83,1760283114359,0.0445
BINANCE:ETHUSDT,4039.83,1760283114359,0.0263
BINANCE:ETHUSDT,4039.83,1760283114362,0.053
BINANCE:ETHUSDT,4039.83,1760283114362,0.0015
BINANCE:ETHUSDT,4039.84,1760283114362,0.0213
BINANCE:ETHUSDT,4039.84,1760283114363,0.0035
BINANCE:ETHUSDT,4039.84,1760283114363,0.0015
BINANCE:ETHUSDT,4039.85,1760283114366,0.0034
BINANCE:ETHUSDT,4040.88,1760283115203,0.3726
BINANCE:ETHUSDT,4039.85,1760283114367,0.0709
BINANCE:ETHUSDT,4040.88,1760283115203,0.4046
BINANCE:ETHUSDT,4040.88,1760283115203,0.4481
BINANCE:ETHUSDT,4039.85,1760283114367,0.0015
BINANCE:ETHUSDT,4039.87,1760283114369,0.0019
BINANCE:ETHUSDT,4040.88,1760283115203,0.0334
BINANCE:ETHUSDT,4039.91,1760283114369,0.0019
BINANCE:ETHUSDT,4040.88,1760283115203,0.0015
BINANCE:ETHUSDT,4040.88,1760283115203,0.0015
BINANCE:ETHUSDT,4039.91,1760283114369,0.0353
BINANCE:ETHUSDT,4039.91,1760283114369,0.0015
BINANCE:ETHUSDT,4040.9,1760283115203,0.0298
BINANCE:ETHUSDT,4039.92,1760283114369,0.0149
BINANCE:ETHUSDT,4040.9,1760283115203,0.0015
BINANCE:ETHUSDT,4039.92,1760283114369,0.0015
BINANCE:ETHUSDT,4039.92,1760283114369,0.0025
BINANCE:ETHUSDT,4040.9,1760283115203,0.0015
BINANCE:ETHUSDT,4040.92,1760283115203,0.0013
BINANCE:ETHUSDT,4039.95,1760283114377,0.0128
BINANCE:ETHUSDT,4039.95,1760283114377,0.0015
BINANCE:ETHUSDT,4039.95,1760283114377,0.0028
BINANCE:ETHUSDT,4039.97,1760283114377,0.0025
BINANCE:ETHUSDT,4039.97,1760283114377,0.0013
BINANCE:ETHUSDT,4039.99,1760283114377,0.0013
BINANCE:ETHUSDT,4039.99,1760283114377,0.0013
BINANCE:ETHUSDT,4039.99,1760283114377,0.0013
BINANCE:ETHUSDT,4040,1760283114377,0.0246
BINANCE:ETHUSDT,4040,1760283114386,0.0495
BINANCE:ETHUSDT,4040,1760283114388,1.244
BINANCE:ETHUSDT,4040,1760283114454,0.0297
BINANCE:ETHUSDT,4040,1760283114470,0.6134
BINANCE:ETHUSDT,4040,1760283114471,0.2772
BINANCE:ETHUSDT,4040,1760283114471,0.0015
BINANCE:ETHUSDT,4040,1760283114471,0.0015
BINANCE:ETHUSDT,4040.01,1760283114471,0.1015
BINANCE:ETHUSDT,4040.01,1760283114473,0.0271
BINANCE:ETHUSDT,4040.01,1760283114474,0.0015
BINANCE:ETHUSDT,4040.01,1760283114474,0.0015
BINANCE:ETHUSDT,4040.07,1760283114476,0.0139
BINANCE:ETHUSDT,4040.07,1760283114479,0.0357
BINANCE:ETHUSDT,4040.07,1760283114479,0.0015
BINANCE:ETHUSDT,4040.07,1760283114479,0.0015
BINANCE:ETHUSDT,4040.08,1760283114479,0.0045
BINANCE:ETHUSDT,4040.13,1760283114479,0.0025
BINANCE:ETHUSDT,4040.15,1760283114479,0.0025
BINANCE:ETHUSDT,4040.16,1760283114479,0.0013
BINANCE:ETHUSDT,4040.2,1760283114488,0.0298
BINANCE:ETHUSDT,4040.2,1760283114488,0.0013
BINANCE:ETHUSDT,4040.2,1760283114488,0.0015
BINANCE:ETHUSDT,4040.2,1760283114488,0.0013
BINANCE:ETHUSDT,4040.2,1760283114488,0.0015
BINANCE:ETHUSDT,4040.2,1760283114488,0.0042
BINANCE:ETHUSDT,4040.2,1760283114488,0.0013
BINANCE:ETHUSDT,4040.21,1760283114488,0.0086
BINANCE:ETHUSDT,4040.21,1760283114488,0.0495
BINANCE:ETHUSDT,4040.21,1760283114583,0.0211
BINANCE:ETHUSDT,4040.21,1760283114585,0.0106
BINANCE:ETHUSDT,4040.21,1760283114600,0.004
BINANCE:ETHUSDT,4040.21,1760283114607,0.013
BINANCE:ETHUSDT,4040.21,1760283114715,0.004
BINANCE:ETHUSDT,4040.21,1760283114717,0.004
BINANCE:ETHUSDT,4040.21,1760283114739,0.0039
BINANCE:ETHUSDT,4040.21,1760283114746,0.0104
BINANCE:ETHUSDT,4040.22,1760283114747,0.0993
BINANCE:ETHUSDT,4040.22,1760283114747,0.0015
BINANCE:ETHUSDT,4040.22,1760283114747,0.2496
BINANCE:ETHUSDT,4040.22,1760283114747,0.0015
BINANCE:ETHUSDT,4040.23,1760283114747,0.1238
BINANCE:ETHUSDT,4040.23,1760283114747,0.0015
BINANCE:ETHUSDT,4040.23,1760283114747,0.0015
BINANCE:ETHUSDT,4040.23,1760283114747,0.0025
BINANCE:ETHUSDT,4040.24,1760283114777,0.0248
BINANCE:ETHUSDT,4040.24,1760283114777,0.0015
BINANCE:ETHUSDT,4040.24,1760283114777,0.0198
BINANCE:ETHUSDT,4040.24,1760283114777,0.0015
BINANCE:ETHUSDT,4040.24,1760283114777,0.0055
BINANCE:ETHUSDT,4040.25,1760283114777,0.0743
BINANCE:ETHUSDT,4040.25,1760283114777,0.0015
BINANCE:ETHUSDT,4040.25,1760283114777,0.0015
BINANCE:ETHUSDT,4040.31,1760283114816,0.0372
BINANCE:ETHUSDT,4040.31,1760283114816,0.0015
BINANCE:ETHUSDT,4040.31,1760283114816,0.0015
BINANCE:ETHUSDT,4040.31,1760283114816,0.0043
BINANCE:ETHUSDT,4040.33,1760283114827,0.0149
BINANCE:ETHUSDT,4040.33,1760283114827,0.0015
BINANCE:ETHUSDT,4040.33,1760283114827,0.0015
BINANCE:ETHUSDT,4040.33,1760283114827,0.0029
BINANCE:ETHUSDT,4040.35,1760283114832,0.0013
BINANCE:ETHUSDT,4040.35,1760283114832,0.0015
BINANCE:ETHUSDT,4040.35,1760283114832,0.0028
BINANCE:ETHUSDT,4040.39,1760283114849,0.0015
BINANCE:ETHUSDT,4040.39,1760283114849,0.0029
BINANCE:ETHUSDT,4040.42,1760283114849,0.0025
BINANCE:ETHUSDT,4040.47,1760283114849,0.0496
BINANCE:ETHUSDT,4040.47,1760283114849,0.0015
BINANCE:ETHUSDT,4040.47,1760283114849,0.0015
BINANCE:ETHUSDT,4040.54,1760283114863,0.0013
BINANCE:ETHUSDT,4040.54,1760283114863,0.0027
BINANCE:ETHUSDT,4040.62,1760283114863,0.0157
BINANCE:ETHUSDT,4040.62,1760283114863,0.0015
BINANCE:ETHUSDT,4040.62,1760283114863,0.0015
BINANCE:ETHUSDT,4040.63,1760283114863,0.1
BINANCE:ETHUSDT,4040.63,1760283114863,0.0015
BINANCE:ETHUSDT,4040.63,1760283114863,0.0015
BINANCE:ETHUSDT,4040.64,1760283114863,0.0248
BINANCE:ETHUSDT,4040.64,1760283114863,0.1238
BINANCE:ETHUSDT,4040.64,1760283114863,0.0015
BINANCE:ETHUSDT,4040.64,1760283114863,0.0015
BINANCE:ETHUSDT,4040.66,1760283114863,0.0743
BINANCE:ETHUSDT,4040.66,1760283114863,0.0015
BINANCE:ETHUSDT,4040.69,1760283114863,0.0025
BINANCE:ETHUSDT,4040.71,1760283114863,0.0013
BINANCE:ETHUSDT,4040.71,1760283114863,0.0013
BINANCE:ETHUSDT,4040.71,1760283114863,0.0013
BINANCE:ETHUSDT,4040.72,1760283114863,0.0372
BINANCE:ETHUSDT,4040.73,1760283114863,0.0149
BINANCE:ETHUSDT,4040.73,1760283114863,0.0013
BINANCE:ETHUSDT,4040.8,1760283114863,0.5871
BINANCE:ETHUSDT,4040.8,1760283114902,0.2255
BINANCE:ETHUSDT,4040.88,1760283114932,0.0495
BINANCE:ETHUSDT,4040.88,1760283114932,0.0042
BINANCE:ETHUSDT,4040.88,1760283114932,0.0015
BINANCE:ETHUSDT,4040.88,1760283114932,0.0015
BINANCE:ETHUSDT,4040.88,1760283114932,1.3312
BINANCE:ETHUSDT,4041.03,1760283115205,0.1
BINANCE:ETHUSDT,4041.03,1760283115205,0.0015
BINANCE:ETHUSDT,4041.03,1760283115205,0.0015
BINANCE:ETHUSDT,4041.04,1760283115205,0.1238
BINANCE:ETHUSDT,4041.04,1760283115205,0.0015
BINANCE:ETHUSDT,4041.04,1760283115205,0.0015
BINANCE:ETHUSDT,4041.05,1760283115205,0.0248
BINANCE:ETHUSDT,4041.05,1760283115205,0.0015
BINANCE:ETHUSDT,4041.05,1760283115205,0.0015
BINANCE:ETHUSDT,4041.06,1760283115205,0.0743
BINANCE:ETHUSDT,4041.06,1760283115205,0.0015
BINANCE:ETHUSDT,4041.06,1760283115205,0.0015
BINANCE:ETHUSDT,4041.11,1760283115241,0.0013
BINANCE:ETHUSDT,4040.88,1760283115013,0.0371
BINANCE:ETHUSDT,4041.11,1760283115241,0.0015
BINANCE:ETHUSDT,4041.11,1760283115241,0.0015
BINANCE:ETHUSDT,4041.11,1760283115241,0.0027
BINANCE:ETHUSDT,4041.12,1760283115241,0.0372
BINANCE:ETHUSDT,4041.12,1760283115241,0.0015
BINANCE:ETHUSDT,4041.12,1760283115241,0.0015
BINANCE:ETHUSDT,4041.13,1760283115241,0.0149
BINANCE:ETHUSDT,4041.13,1760283115241,0.0015
BINANCE:ETHUSDT,4041.13,1760283115241,0.0015
BINANCE:ETHUSDT,4041.18,1760283115278,0.002
BINANCE:ETHUSDT,4041.18,1760283115278,0.0015
BINANCE:ETHUSDT,4041.18,1760283115278,0.0015
BINANCE:ETHUSDT,4041.18,1760283115278,0.0027
BINANCE:ETHUSDT,4041.18,1760283115278,0.0684
BINANCE:ETHUSDT,4040.87,1760283115092,0.012
BINANCE:ETHUSDT,4040.87,1760283115092,0.0095
BINANCE:ETHUSDT,4040.87,1760283115092,0.0133
BINANCE:ETHUSDT,4040.87,1760283115092,0.0013
BINANCE:ETHUSDT,4040.87,1760283115092,0.0013
BINANCE:ETHUSDT,4040.87,1760283115092,0.0014
BINANCE:ETHUSDT,4040.87,1760283115092,0.0015
BINANCE:ETHUSDT,4040.87,1760283115092,0.0015
BINANCE:ETHUSDT,4040.87,1760283115092,0.0533
BINANCE:ETHUSDT,4041.26,1760283115311,0.0779
BINANCE:ETHUSDT,4041.27,1760283115374,0.0038
BINANCE:ETHUSDT,4041.27,1760283115375,0.0062
BINANCE:ETHUSDT,4041.27,1760283115375,0.0015
BINANCE:ETHUSDT,4041.27,1760283115375,0.0015
BINANCE:ETHUSDT,4041.27,1760283115375,0.0025
BINANCE:ETHUSDT,4041.28,1760283115375,0.0495
BINANCE:ETHUSDT,4041.28,1760283115375,0.0025
BINANCE:ETHUSDT,4041.28,1760283115375,0.099
BINANCE:ETHUSDT,4041.28,1760283115375,0.0015
BINANCE:ETHUSDT,4041.28,1760283115375,0.0015
BINANCE:ETHUSDT,4041.3,1760283115375,0.0013
BINANCE:ETHUSDT,4041.4,1760283115379,0.0025
BINANCE:ETHUSDT,4041.4,1760283115379,0.0025
BINANCE:ETHUSDT,4041.4,1760283115379,0.0015
BINANCE:ETHUSDT,4041.42,1760283115379,0.0025
BINANCE:ETHUSDT,4041.44,1760283115379,0.0033
BINANCE:ETHUSDT,4041.43,1760283115387,0.0103
BINANCE:ETHUSDT,4041.43,1760283115482,0.0181
BINANCE:ETHUSDT,4041.43,1760283115528,0.7938
BINANCE:ETHUSDT,4041.43,1760283115595,0.0015
BINANCE:ETHUSDT,4041.43,1760283115595,0.0105
BINANCE:ETHUSDT,4041.43,1760283115602,0.0015
BINANCE:ETHUSDT,4041.43,1760283115602,0.0014
BINANCE:ETHUSDT,4041.43,1760283115602,0.1201
BINANCE:ETHUSDT,4041.43,1760283115640,0.0457
BINANCE:ETHUSDT,4041.44,1760283115792,0.0012
BINANCE:ETHUSDT,4041.44,1760283115961,0.0742
BINANCE:ETHUSDT,4041.44,1760283116089,0.006
BINANCE:ETHUSDT,4041.43,1760283116217,0.0013
BINANCE:ETHUSDT,4041.43,1760283116217,0.0133
BINANCE:ETHUSDT,4041.43,1760283116217,0.0014
BINANCE:ETHUSDT,4041.43,1760283116217,0.0013
BINANCE:ETHUSDT,4041.43,1760283116217,0.0015
BINANCE:ETHUSDT,4041.43,1760283116217,0.0015
BINANCE:ETHUSDT,4041.43,1760283116217,0.0013
BINANCE:ETHUSDT,4041.42,1760283116217,0.0025
BINANCE:ETHUSDT,4041.42,1760283116217,0.0014
BINANCE:ETHUSDT,4041.41,1760283116217,0.0025
BINANCE:ETHUSDT,4041.41,1760283116217,0.0014
BINANCE:ETHUSDT,4041.4,1760283116217,0.0014
BINANCE:ETHUSDT,4041.4,1760283116217,0.0013
BINANCE:ETHUSDT,4041.4,1760283116217,0.0013
BINANCE:ETHUSDT,4041.4,1760283116217,0.0013
BINANCE:ETHUSDT,4041.39,1760283116397,0.9355
BINANCE:ETHUSDT,4041.4,1760283116464,7.3866
BINANCE:ETHUSDT,4041.4,1760283116464,1.4
BINANCE:ETHUSDT,4041.4,1760283116464,1.4
BINANCE:ETHUSDT,4041.4,1760283116464,4
BINANCE:ETHUSDT,4041.4,1760283116464,0.6
BINANCE:ETHUSDT,4041.4,1760283116464,4
BINANCE:ETHUSDT,4041.4,1760283116464,1.9868
BINANCE:ETHUSDT,4041.4,1760283116464,0.0058
BINANCE:ETHUSDT,4041.4,1760283116464,0.036
BINANCE:ETHUSDT,4041.4,1760283116464,0.329
BINANCE:ETHUSDT,4041.4,1760283116464,0.1498
BINANCE:ETHUSDT,4041.4,1760283116464,0.0601
BINANCE:ETHUSDT,4041.4,1760283116464,0.0015
